<record><leader>00297cam a2200097 a 4500</leader><controlfield tag="001">99175420333408651</controlfield><controlfield tag="005">20250917154552.0</controlfield><controlfield tag="008">250613s2022####xx######r#####000#0#eng#d</controlfield><datafield tag="035" ind1=" " ind2=" "><subfield code="a">(CtY)17542033-yaledb-Voyager</subfield></datafield><datafield tag="100" ind1=" " ind2=" "><subfield code="a">Golding, William, </subfield><subfield code="d"> 1911-1993.</subfield><subfield code="9">no_linkage</subfield></datafield><datafield tag="245" ind1=" " ind2=" "><subfield code="a">William Golding's Lord of the flies /</subfield></datafield></record>