<record><leader>00288cam a2200097 a 4500</leader><controlfield tag="001">99175420443408651</controlfield><controlfield tag="005">20250917154537.0</controlfield><controlfield tag="008">250613s2022####xx######r#####000#0#eng#d</controlfield><datafield tag="035" ind1=" " ind2=" "><subfield code="a">(CtY)17542044-yaledb-Voyager</subfield></datafield><datafield tag="100" ind1=" " ind2=" "><subfield code="a">Brend, Barbara, </subfield><subfield code="d"> 1940-</subfield><subfield code="9">no_linkage</subfield></datafield><datafield tag="245" ind1=" " ind2=" "><subfield code="a">The Emperor Akbar's Khamsa of Nizam</subfield></datafield></record>