<record><leader>00422cam a2200097 a 4500</leader><controlfield tag="001">99175420473408651</controlfield><controlfield tag="005">20250917154611.0</controlfield><controlfield tag="008">250613s2022####xx######r#####000#0#eng#d</controlfield><datafield tag="035" ind1=" " ind2=" "><subfield code="a">(CtY)17542047-yaledb-Voyager</subfield></datafield><datafield tag="100" ind1=" " ind2=" "><subfield code="a">Mizuta, Susumu, </subfield><subfield code="d"> 1978-</subfield><subfield code="9">no_linkage</subfield></datafield><datafield tag="245" ind1=" " ind2=" "><subfield code="a">Bakumatsu Meiji shoki no yoshiki sangyo shisetsu to Guraba Shokai : 19-seiki no kokusai shakai ni okeru gijutsu iten to Igirisu shonin o meguru kenchikushiteki kosatsu /</subfield></datafield></record>