<record><leader>00285cam a2200097 a 4500</leader><controlfield tag="001">99175420633408651</controlfield><controlfield tag="005">20250917154532.0</controlfield><controlfield tag="008">250613s2022####xx######r#####000#0#eng#d</controlfield><datafield tag="035" ind1=" " ind2=" "><subfield code="a">(CtY)17542063-yaledb-Voyager</subfield></datafield><datafield tag="100" ind1=" " ind2=" "><subfield code="a">Levi, Yael, </subfield><subfield code="d"> 1980-</subfield><subfield code="9">no_linkage</subfield></datafield><datafield tag="245" ind1=" " ind2=" "><subfield code="a">Min ha-martef el ha-komah ha-elyonah</subfield></datafield></record>