<record><leader>00276cam a2200097 a 4500</leader><controlfield tag="001">99175420643408651</controlfield><controlfield tag="005">20250917154617.0</controlfield><controlfield tag="008">250613s2022####xx######r#####000#0#eng#d</controlfield><datafield tag="035" ind1=" " ind2=" "><subfield code="a">(CtY)17542064-yaledb-Voyager</subfield></datafield><datafield tag="100" ind1=" " ind2=" "><subfield code="a">Le Fanu, Joseph Sheridan, </subfield><subfield code="d"> 1814-1873.</subfield><subfield code="9">no_linkage</subfield></datafield><datafield tag="245" ind1=" " ind2=" "><subfield code="a">Carmilla</subfield></datafield></record>