<record><leader>00279cam a2200097 a 4500</leader><controlfield tag="001">99175420673408651</controlfield><controlfield tag="005">20250917154552.0</controlfield><controlfield tag="008">250613s2022####xx######r#####000#0#eng#d</controlfield><datafield tag="035" ind1=" " ind2=" "><subfield code="a">(CtY)17542067-yaledb-Voyager</subfield></datafield><datafield tag="100" ind1=" " ind2=" "><subfield code="a">Frischmann, David, </subfield><subfield code="d"> 1859-1922.</subfield><subfield code="9">no_linkage</subfield></datafield><datafield tag="245" ind1=" " ind2=" "><subfield code="a">Al devar ha-sifrut</subfield></datafield></record>