<record><leader>00299cam a2200097 a 4500</leader><controlfield tag="001">99175420683408651</controlfield><controlfield tag="005">20250917154543.0</controlfield><controlfield tag="008">250613s2022####xx######r#####000#0#eng#d</controlfield><datafield tag="035" ind1=" " ind2=" "><subfield code="a">(CtY)17542068-yaledb-Voyager</subfield></datafield><datafield tag="100" ind1=" " ind2=" "><subfield code="a">Ye, Gaoshu, </subfield><subfield code="d"> 1963-</subfield><subfield code="9">no_linkage</subfield></datafield><datafield tag="245" ind1=" " ind2=" "><subfield code="a">Shou chong Manzhou de duo min zu di guo : Qing shi</subfield></datafield></record>