<record><leader>00275cam a2200097 a 4500</leader><controlfield tag="001">99175420803408651</controlfield><controlfield tag="005">20250917154536.0</controlfield><controlfield tag="008">250613s2022####xx######r#####000#0#eng#d</controlfield><datafield tag="035" ind1=" " ind2=" "><subfield code="a">(CtY)17542080-yaledb-Voyager</subfield></datafield><datafield tag="100" ind1=" " ind2=" "><subfield code="a">Robbe-Grillet, Alain, </subfield><subfield code="d"> 1922-2008.</subfield><subfield code="9">no_linkage</subfield></datafield><datafield tag="245" ind1=" " ind2=" "><subfield code="a">Le voyeur /</subfield></datafield></record>