<record><leader>00320cam a2200097 a 4500</leader><controlfield tag="001">99175420813408651</controlfield><controlfield tag="005">20250917154542.0</controlfield><controlfield tag="008">250613s2022####xx######r#####000#0#eng#d</controlfield><datafield tag="035" ind1=" " ind2=" "><subfield code="a">(CtY)17542081-yaledb-Voyager</subfield></datafield><datafield tag="100" ind1=" " ind2=" "><subfield code="a">Zakic, Mirna, </subfield><subfield code="d"> 1982-</subfield><subfield code="9">no_linkage</subfield></datafield><datafield tag="245" ind1=" " ind2=" "><subfield code="a">Ethnic Germans and national socialism in Yugoslavia in World War II /</subfield></datafield></record>