<record><leader>00300cam a2200097 a 4500</leader><controlfield tag="001">99175420823408651</controlfield><controlfield tag="005">20250917154609.0</controlfield><controlfield tag="008">250613s2022####xx######r#####000#0#eng#d</controlfield><datafield tag="035" ind1=" " ind2=" "><subfield code="a">(CtY)17542082-yaledb-Voyager</subfield></datafield><datafield tag="100" ind1=" " ind2=" "><subfield code="a">Thackston, W. M. (Wheeler McIntosh), </subfield><subfield code="d"> 1944-</subfield><subfield code="9">no_linkage</subfield></datafield><datafield tag="245" ind1=" " ind2=" "><subfield code="a">An introduction to Persian</subfield></datafield></record>