<record><leader>00291cam a2200097 a 4500</leader><controlfield tag="001">99175420833408651</controlfield><controlfield tag="005">20250917154306.0</controlfield><controlfield tag="008">250613s2022####xx######r#####000#0#eng#d</controlfield><datafield tag="035" ind1=" " ind2=" "><subfield code="a">(CtY)17542083-yaledb-Voyager</subfield></datafield><datafield tag="100" ind1=" " ind2=" "><subfield code="a">Zhang, Kaiyuan, </subfield><subfield code="d"> 1926-</subfield><subfield code="9">no_linkage</subfield></datafield><datafield tag="245" ind1=" " ind2=" "><subfield code="a">Zhang Kaiyuan hai wai fang xue ri ji /</subfield></datafield></record>