<record><leader>00316cam a2200097 a 4500</leader><controlfield tag="001">99175423283408651</controlfield><controlfield tag="005">20250917154323.0</controlfield><controlfield tag="008">250613s2022####xx######r#####000#0#eng#d</controlfield><datafield tag="035" ind1=" " ind2=" "><subfield code="a">(CtY)17542328-yaledb-Voyager</subfield></datafield><datafield tag="100" ind1=" " ind2=" "><subfield code="a">Kerenyi, Karl, </subfield><subfield code="d"> 1897-1973.</subfield><subfield code="9">no_linkage</subfield></datafield><datafield tag="245" ind1=" " ind2=" "><subfield code="a">Apollo : the wind, the spirit, and the God : four studies /</subfield></datafield></record>