<record><leader>00327cam a2200097 a 4500</leader><controlfield tag="001">99175424273408651</controlfield><controlfield tag="005">20250917154341.0</controlfield><controlfield tag="008">250613s2022####xx######r#####000#0#eng#d</controlfield><datafield tag="035" ind1=" " ind2=" "><subfield code="a">(CtY)17542427-yaledb-Voyager</subfield></datafield><datafield tag="100" ind1=" " ind2=" "><subfield code="a">Eakin, Marshall C (Marshall Craig), </subfield><subfield code="d"> 1952-</subfield><subfield code="9">no_linkage</subfield></datafield><datafield tag="245" ind1=" " ind2=" "><subfield code="a">The history of Latin America : collision of cultures /</subfield></datafield></record>