<record><leader>00346cam a2200097 a 4500</leader><controlfield tag="001">99175424473408651</controlfield><controlfield tag="005">20250917154225.0</controlfield><controlfield tag="008">250613s2022####xx######r#####000#0#eng#d</controlfield><datafield tag="035" ind1=" " ind2=" "><subfield code="a">(CtY)17542447-yaledb-Voyager</subfield></datafield><datafield tag="100" ind1=" " ind2=" "><subfield code="a">Brathwaite, Kamau, </subfield><subfield code="d"> 1930-</subfield><subfield code="9">no_linkage</subfield></datafield><datafield tag="245" ind1=" " ind2=" "><subfield code="a">History of the voice : the development of nation language in Anglophone Caribbean poetry /</subfield></datafield></record>