<record><leader>00285cam a2200097 a 4500</leader><controlfield tag="001">99175424623408651</controlfield><controlfield tag="005">20250917154245.0</controlfield><controlfield tag="008">250613s2022####xx######r#####000#0#eng#d</controlfield><datafield tag="035" ind1=" " ind2=" "><subfield code="a">(CtY)17542462-yaledb-Voyager</subfield></datafield><datafield tag="100" ind1=" " ind2=" "><subfield code="a">X, Malcolm, </subfield><subfield code="d"> 1925-1965.</subfield><subfield code="9">no_linkage</subfield></datafield><datafield tag="245" ind1=" " ind2=" "><subfield code="a">Malcolm X : speeches at Harvard</subfield></datafield></record>