<record><leader>00339cam a2200097 a 4500</leader><controlfield tag="001">99175431963408651</controlfield><controlfield tag="005">20250917154303.0</controlfield><controlfield tag="008">250614s2022####xx######r#####000#0#eng#d</controlfield><datafield tag="035" ind1=" " ind2=" "><subfield code="a">(CtY)17543196-yaledb-Voyager</subfield></datafield><datafield tag="100" ind1=" " ind2=" "><subfield code="a">Park, Jeong-Mi, </subfield><subfield code="d"> 1976-</subfield><subfield code="9">no_linkage</subfield></datafield><datafield tag="245" ind1=" " ind2=" "><subfield code="a">The state's sexuality : prostitution and postcolonial nation building in South Korea /</subfield></datafield></record>