<record><leader>00317cam a2200097 a 4500</leader><controlfield tag="001">99175434033408651</controlfield><controlfield tag="005">20250917154314.0</controlfield><controlfield tag="008">250614s2022####xx######r#####000#0#eng#d</controlfield><datafield tag="035" ind1=" " ind2=" "><subfield code="a">(CtY)17543403-yaledb-Voyager</subfield></datafield><datafield tag="100" ind1=" " ind2=" "><subfield code="a">Johnson, Philip, </subfield><subfield code="d"> 1906-2005.</subfield><subfield code="9">no_linkage</subfield></datafield><datafield tag="245" ind1=" " ind2=" "><subfield code="a">The Philip Johnson tapes : interviews by Robert A.M. Stern</subfield></datafield></record>