<record><leader>00315cam a2200097 a 4500</leader><controlfield tag="001">99175434353408651</controlfield><controlfield tag="005">20250917154242.0</controlfield><controlfield tag="008">250614s2022####xx######r#####000#0#eng#d</controlfield><datafield tag="035" ind1=" " ind2=" "><subfield code="a">(CtY)17543435-yaledb-Voyager</subfield></datafield><datafield tag="100" ind1=" " ind2=" "><subfield code="a">Bhattacharya, Lokenath, </subfield><subfield code="d"> 1927-2001.</subfield><subfield code="9">no_linkage</subfield></datafield><datafield tag="245" ind1=" " ind2=" "><subfield code="a">Sur le champ de bataille des dessins de Michaux /</subfield></datafield></record>