<record><leader>00503cam a2200097 a 4500</leader><controlfield tag="001">99175434413408651</controlfield><controlfield tag="005">20250917154254.0</controlfield><controlfield tag="008">250614s2022####xx######r#####000#0#eng#d</controlfield><datafield tag="035" ind1=" " ind2=" "><subfield code="a">(CtY)17543441-yaledb-Voyager</subfield></datafield><datafield tag="100" ind1=" " ind2=" "><subfield code="a">Howgego, Raymond John, </subfield><subfield code="d"> 1946-</subfield><subfield code="9">no_linkage</subfield></datafield><datafield tag="245" ind1=" " ind2=" "><subfield code="a">Encyclopedia of exploration : invented and apocryphal narratives of travel : a comprehensive guide to invented, imaginary, apocryphal and plagiarized narratives of travel by land, sea and air, from the earliest times to the twentieth century /</subfield></datafield></record>