<record><leader>00318cam a2200097 a 4500</leader><controlfield tag="001">99175434483408651</controlfield><controlfield tag="005">20250917154218.0</controlfield><controlfield tag="008">250614s2022####xx######r#####000#0#eng#d</controlfield><datafield tag="035" ind1=" " ind2=" "><subfield code="a">(CtY)17543448-yaledb-Voyager</subfield></datafield><datafield tag="100" ind1=" " ind2=" "><subfield code="a">Strathern, Paul, </subfield><subfield code="d"> 1940-</subfield><subfield code="9">no_linkage</subfield></datafield><datafield tag="245" ind1=" " ind2=" "><subfield code="a">A brief history of medicine : from Hippocrates to gene therapy /</subfield></datafield></record>