<record><leader>00317cam a2200097 a 4500</leader><controlfield tag="001">99175434503408651</controlfield><controlfield tag="005">20250917154302.0</controlfield><controlfield tag="008">250614s2022####xx######r#####000#0#eng#d</controlfield><datafield tag="035" ind1=" " ind2=" "><subfield code="a">(CtY)17543450-yaledb-Voyager</subfield></datafield><datafield tag="100" ind1=" " ind2=" "><subfield code="a">Ca da Mosto, Alvise, </subfield><subfield code="d"> 1432-1488.</subfield><subfield code="9">no_linkage</subfield></datafield><datafield tag="245" ind1=" " ind2=" "><subfield code="a">Los viajes africanos de Alvise Cadamosto (1455-1456) /</subfield></datafield></record>