<record><leader>00350cam a2200097 a 4500</leader><controlfield tag="001">99175440423408651</controlfield><controlfield tag="005">20250917154347.0</controlfield><controlfield tag="008">250614s2022####xx######r#####000#0#eng#d</controlfield><datafield tag="035" ind1=" " ind2=" "><subfield code="a">(CtY)17544042-yaledb-Voyager</subfield></datafield><datafield tag="100" ind1=" " ind2=" "><subfield code="a">More, Ellen Singer, </subfield><subfield code="d"> 1946-</subfield><subfield code="9">no_linkage</subfield></datafield><datafield tag="245" ind1=" " ind2=" "><subfield code="a">The transformation of American sex education : Mary Calderone and the fight for sexual health</subfield></datafield></record>