<record><leader>00311cam a2200097 a 4500</leader><controlfield tag="001">99175440593408651</controlfield><controlfield tag="005">20250917154249.0</controlfield><controlfield tag="008">250614s2022####xx######r#####000#0#eng#d</controlfield><datafield tag="035" ind1=" " ind2=" "><subfield code="a">(CtY)17544059-yaledb-Voyager</subfield></datafield><datafield tag="100" ind1=" " ind2=" "><subfield code="a">Voigt, Ellen Bryant, </subfield><subfield code="d"> 1943-</subfield><subfield code="9">no_linkage</subfield></datafield><datafield tag="245" ind1=" " ind2=" "><subfield code="a">The art of syntax : rhythm of thought, rhythm of song</subfield></datafield></record>