<record><leader>00352cam a2200097 a 4500</leader><controlfield tag="001">99175440733408651</controlfield><controlfield tag="005">20250917154315.0</controlfield><controlfield tag="008">250614s2022####xx######r#####000#0#eng#d</controlfield><datafield tag="035" ind1=" " ind2=" "><subfield code="a">(CtY)17544073-yaledb-Voyager</subfield></datafield><datafield tag="100" ind1=" " ind2=" "><subfield code="a">Tomes, Nancy, </subfield><subfield code="d"> 1952-</subfield><subfield code="9">no_linkage</subfield></datafield><datafield tag="245" ind1=" " ind2=" "><subfield code="a">Remaking the American patient : how Madison Avenue and modern medicine turned patients into consumers</subfield></datafield></record>