<record><leader>00318cam a2200097 a 4500</leader><controlfield tag="001">99175440813408651</controlfield><controlfield tag="005">20250917154251.0</controlfield><controlfield tag="008">250614s2022####xx######r#####000#0#eng#d</controlfield><datafield tag="035" ind1=" " ind2=" "><subfield code="a">(CtY)17544081-yaledb-Voyager</subfield></datafield><datafield tag="100" ind1=" " ind2=" "><subfield code="a">Cromwell, Jason, </subfield><subfield code="d"> 1952-</subfield><subfield code="9">no_linkage</subfield></datafield><datafield tag="245" ind1=" " ind2=" "><subfield code="a">Transmen and FTMs : identities, bodies, genders, and sexualities</subfield></datafield></record>