<record><leader>00268cam a2200097 a 4500</leader><controlfield tag="001">99175440953408651</controlfield><controlfield tag="005">20250917154310.0</controlfield><controlfield tag="008">250614s2022####xx######r#####000#0#eng#d</controlfield><datafield tag="035" ind1=" " ind2=" "><subfield code="a">(CtY)17544095-yaledb-Voyager</subfield></datafield><datafield tag="100" ind1=" " ind2=" "><subfield code="a">Zweig, Stefan, </subfield><subfield code="d"> 1881-1942.</subfield><subfield code="9">no_linkage</subfield></datafield><datafield tag="245" ind1=" " ind2=" "><subfield code="a">Chess story</subfield></datafield></record>