<record><leader>00327cam a2200097 a 4500</leader><controlfield tag="001">99175441073408651</controlfield><controlfield tag="005">20250917154318.0</controlfield><controlfield tag="008">250614s2022####xx######r#####000#0#eng#d</controlfield><datafield tag="035" ind1=" " ind2=" "><subfield code="a">(CtY)17544107-yaledb-Voyager</subfield></datafield><datafield tag="100" ind1=" " ind2=" "><subfield code="a">Benitez Rojo, Antonio, </subfield><subfield code="d"> 1931-</subfield><subfield code="9">no_linkage</subfield></datafield><datafield tag="245" ind1=" " ind2=" "><subfield code="a">The repeating island : the Caribbean and the postmodern perspective</subfield></datafield></record>