<record><leader>00353cam a2200097 a 4500</leader><controlfield tag="001">99175442023408651</controlfield><controlfield tag="005">20250917154340.0</controlfield><controlfield tag="008">250614s2022####xx######r#####000#0#eng#d</controlfield><datafield tag="035" ind1=" " ind2=" "><subfield code="a">(CtY)17544202-yaledb-Voyager</subfield></datafield><datafield tag="100" ind1=" " ind2=" "><subfield code="a">Hassig, Ross, </subfield><subfield code="d"> 1945-</subfield><subfield code="9">no_linkage</subfield></datafield><datafield tag="245" ind1=" " ind2=" "><subfield code="a">Trade, tribute, and transportation : the sixteenth-century political economy of the Valley of Mexico /</subfield></datafield></record>