<record><leader>00304cam a2200097 a 4500</leader><controlfield tag="001">99175442033408651</controlfield><controlfield tag="005">20250917154316.0</controlfield><controlfield tag="008">250614s2022####xx######r#####000#0#eng#d</controlfield><datafield tag="035" ind1=" " ind2=" "><subfield code="a">(CtY)17544203-yaledb-Voyager</subfield></datafield><datafield tag="100" ind1=" " ind2=" "><subfield code="a">Molina, Luis de, </subfield><subfield code="d"> 1535-1600.</subfield><subfield code="9">no_linkage</subfield></datafield><datafield tag="245" ind1=" " ind2=" "><subfield code="a">Los seis libros de la justicia y el derecho /</subfield></datafield></record>