<record><leader>00283cam a2200097 a 4500</leader><controlfield tag="001">99175442143408651</controlfield><controlfield tag="005">20250917154331.0</controlfield><controlfield tag="008">250614s2022####xx######r#####000#0#eng#d</controlfield><datafield tag="035" ind1=" " ind2=" "><subfield code="a">(CtY)17544214-yaledb-Voyager</subfield></datafield><datafield tag="100" ind1=" " ind2=" "><subfield code="a">Nafisi, Said, </subfield><subfield code="d"> 1895-1966.</subfield><subfield code="9">no_linkage</subfield></datafield><datafield tag="245" ind1=" " ind2=" "><subfield code="a">Ahval va ashar-i ... Rudaki</subfield></datafield></record>