<record><leader>00267cam a2200097 a 4500</leader><controlfield tag="001">99175476573408651</controlfield><controlfield tag="005">20250917154313.0</controlfield><controlfield tag="008">250615s2022####xx######r#####000#0#eng#d</controlfield><datafield tag="035" ind1=" " ind2=" "><subfield code="a">(CtY)17547657-yaledb-Voyager</subfield></datafield><datafield tag="100" ind1=" " ind2=" "><subfield code="a">Nesser, Hakan, </subfield><subfield code="d"> 1950-</subfield><subfield code="9">no_linkage</subfield></datafield><datafield tag="245" ind1=" " ind2=" "><subfield code="a">The axe woman /</subfield></datafield></record>