<record><leader>00311cam a2200097 a 4500</leader><controlfield tag="001">99175476853408651</controlfield><controlfield tag="005">20250917154300.0</controlfield><controlfield tag="008">250615s2022####xx######r#####000#0#eng#d</controlfield><datafield tag="035" ind1=" " ind2=" "><subfield code="a">(CtY)17547685-yaledb-Voyager</subfield></datafield><datafield tag="100" ind1=" " ind2=" "><subfield code="a">Pan, Chong, </subfield><subfield code="d"> 1981-</subfield><subfield code="9">no_linkage</subfield></datafield><datafield tag="245" ind1=" " ind2=" "><subfield code="a">Jin tui shi ju : qi ren zong du Xiliang yu Qing mo xin zheng /</subfield></datafield></record>