<record><leader>00345cam a2200097 a 4500</leader><controlfield tag="001">99175476983408651</controlfield><controlfield tag="005">20250917154326.0</controlfield><controlfield tag="008">250615s2022####xx######r#####000#0#eng#d</controlfield><datafield tag="035" ind1=" " ind2=" "><subfield code="a">(CtY)17547698-yaledb-Voyager</subfield></datafield><datafield tag="100" ind1=" " ind2=" "><subfield code="a">Vico, Giambattista, </subfield><subfield code="d"> 1668-1744.</subfield><subfield code="9">no_linkage</subfield></datafield><datafield tag="245" ind1=" " ind2=" "><subfield code="a">New science : principles of the new science concerning the common nature of nations</subfield></datafield></record>