<record><leader>00280cam a2200097 a 4500</leader><controlfield tag="001">99175477093408651</controlfield><controlfield tag="005">20250917154327.0</controlfield><controlfield tag="008">250615s2022####xx######r#####000#0#eng#d</controlfield><datafield tag="035" ind1=" " ind2=" "><subfield code="a">(CtY)17547709-yaledb-Voyager</subfield></datafield><datafield tag="100" ind1=" " ind2=" "><subfield code="a">Unaydn, Rusen Esref, </subfield><subfield code="d"> 1892-1959.</subfield><subfield code="9">no_linkage</subfield></datafield><datafield tag="245" ind1=" " ind2=" "><subfield code="a">Diyorlar ki ... /</subfield></datafield></record>