<record><leader>00347cam a2200097 a 4500</leader><controlfield tag="001">99175477133408651</controlfield><controlfield tag="005">20250917154255.0</controlfield><controlfield tag="008">250615s2022####xx######r#####000#0#eng#d</controlfield><datafield tag="035" ind1=" " ind2=" "><subfield code="a">(CtY)17547713-yaledb-Voyager</subfield></datafield><datafield tag="100" ind1=" " ind2=" "><subfield code="a">Boccaccio, Giovanni, </subfield><subfield code="d"> 1313-1375.</subfield><subfield code="9">no_linkage</subfield></datafield><datafield tag="245" ind1=" " ind2=" "><subfield code="a">The downfall of the famous : new annotated edition of The fates of illustrious men /</subfield></datafield></record>