<record><leader>00361cam a2200097 a 4500</leader><controlfield tag="001">99175477203408651</controlfield><controlfield tag="005">20250917154317.0</controlfield><controlfield tag="008">250615s2022####xx######r#####000#0#eng#d</controlfield><datafield tag="035" ind1=" " ind2=" "><subfield code="a">(CtY)17547720-yaledb-Voyager</subfield></datafield><datafield tag="100" ind1=" " ind2=" "><subfield code="a">Madureira, Luis, </subfield><subfield code="d"> 1960-</subfield><subfield code="9">no_linkage</subfield></datafield><datafield tag="245" ind1=" " ind2=" "><subfield code="a">Imaginary geographies in Portuguese and Lusophone-African literature : narratives of discovery and empire /</subfield></datafield></record>