<record><leader>00324cam a2200097 a 4500</leader><controlfield tag="001">99175477263408651</controlfield><controlfield tag="005">20250917154227.0</controlfield><controlfield tag="008">250615s2022####xx######r#####000#0#eng#d</controlfield><datafield tag="035" ind1=" " ind2=" "><subfield code="a">(CtY)17547726-yaledb-Voyager</subfield></datafield><datafield tag="100" ind1=" " ind2=" "><subfield code="a">Downs, Jim, </subfield><subfield code="d"> 1973-</subfield><subfield code="9">no_linkage</subfield></datafield><datafield tag="245" ind1=" " ind2=" "><subfield code="a">Maladies of empire : how colonialism, slavery, and war transformed medicine</subfield></datafield></record>