<record><leader>00286cam a2200097 a 4500</leader><controlfield tag="001">99175477353408651</controlfield><controlfield tag="005">20250917154321.0</controlfield><controlfield tag="008">250615s2022####xx######r#####000#0#eng#d</controlfield><datafield tag="035" ind1=" " ind2=" "><subfield code="a">(CtY)17547735-yaledb-Voyager</subfield></datafield><datafield tag="100" ind1=" " ind2=" "><subfield code="a">Teresa, of Avila, Saint, </subfield><subfield code="d"> 1515-1582.</subfield><subfield code="9">no_linkage</subfield></datafield><datafield tag="245" ind1=" " ind2=" "><subfield code="a">The interior castle</subfield></datafield></record>