<record><leader>00319cam a2200097 a 4500</leader><controlfield tag="001">99175478933408651</controlfield><controlfield tag="005">20250917154332.0</controlfield><controlfield tag="008">250615s2022####xx######r#####000#0#eng#d</controlfield><datafield tag="035" ind1=" " ind2=" "><subfield code="a">(CtY)17547893-yaledb-Voyager</subfield></datafield><datafield tag="100" ind1=" " ind2=" "><subfield code="a">Douglas, Illeana, </subfield><subfield code="d"> 1965-</subfield><subfield code="9">no_linkage</subfield></datafield><datafield tag="245" ind1=" " ind2=" "><subfield code="a">Connecticut in the movies : from dream houses to dark suburbia /</subfield></datafield></record>