<record><leader>00338cam a2200097 a 4500</leader><controlfield tag="001">99175480063408651</controlfield><controlfield tag="005">20250917154345.0</controlfield><controlfield tag="008">250614s2022####xx######r#####000#0#eng#d</controlfield><datafield tag="035" ind1=" " ind2=" "><subfield code="a">(CtY)17548006-yaledb-Voyager</subfield></datafield><datafield tag="100" ind1=" " ind2=" "><subfield code="a">Dawson, Ross, </subfield><subfield code="d"> 1962-</subfield><subfield code="9">no_linkage</subfield></datafield><datafield tag="245" ind1=" " ind2=" "><subfield code="a">Developing knowledge-based client relationships : leadership in professional services /</subfield></datafield></record>