<record><leader>00289cam a2200097 a 4500</leader><controlfield tag="001">99175482553408651</controlfield><controlfield tag="005">20250917154309.0</controlfield><controlfield tag="008">250614s2022####xx######r#####000#0#eng#d</controlfield><datafield tag="035" ind1=" " ind2=" "><subfield code="a">(CtY)17548255-yaledb-Voyager</subfield></datafield><datafield tag="100" ind1=" " ind2=" "><subfield code="a">Truitt, Anne, </subfield><subfield code="d"> 1921-2004.</subfield><subfield code="9">no_linkage</subfield></datafield><datafield tag="245" ind1=" " ind2=" "><subfield code="a">Daybook, the journal of an artist</subfield></datafield></record>