<record><leader>00331cam a2200097 a 4500</leader><controlfield tag="001">99175482593408651</controlfield><controlfield tag="005">20250917154239.0</controlfield><controlfield tag="008">250614s2022####xx######r#####000#0#eng#d</controlfield><datafield tag="035" ind1=" " ind2=" "><subfield code="a">(CtY)17548259-yaledb-Voyager</subfield></datafield><datafield tag="100" ind1=" " ind2=" "><subfield code="a">Warren, Karen, </subfield><subfield code="d"> 1947-</subfield><subfield code="9">no_linkage</subfield></datafield><datafield tag="245" ind1=" " ind2=" "><subfield code="a">Ecofeminist philosophy : a western perspective on what it is and why it matters</subfield></datafield></record>