<record><leader>00324cam a2200097 a 4500</leader><controlfield tag="001">99175482643408651</controlfield><controlfield tag="005">20250917154335.0</controlfield><controlfield tag="008">250614s2022####xx######r#####000#0#eng#d</controlfield><datafield tag="035" ind1=" " ind2=" "><subfield code="a">(CtY)17548264-yaledb-Voyager</subfield></datafield><datafield tag="100" ind1=" " ind2=" "><subfield code="a">Paine, S. C. M., </subfield><subfield code="d"> 1957-</subfield><subfield code="9">no_linkage</subfield></datafield><datafield tag="245" ind1=" " ind2=" "><subfield code="a">The Sino-Japanese War of 1894-1895 : perceptions, power, and primacy /</subfield></datafield></record>