<record><leader>00308cam a2200097 a 4500</leader><controlfield tag="001">99175482763408651</controlfield><controlfield tag="005">20250917154341.0</controlfield><controlfield tag="008">250614s2022####xx######r#####000#0#eng#d</controlfield><datafield tag="035" ind1=" " ind2=" "><subfield code="a">(CtY)17548276-yaledb-Voyager</subfield></datafield><datafield tag="100" ind1=" " ind2=" "><subfield code="a">Easterling, Keller, </subfield><subfield code="d"> 1959-</subfield><subfield code="9">no_linkage</subfield></datafield><datafield tag="245" ind1=" " ind2=" "><subfield code="a">Extrastatecraft : the power of infrastructure space</subfield></datafield></record>