<record><leader>00355cam a2200097 a 4500</leader><controlfield tag="001">99175482803408651</controlfield><controlfield tag="005">20250917154248.0</controlfield><controlfield tag="008">250614s2022####xx######r#####000#0#eng#d</controlfield><datafield tag="035" ind1=" " ind2=" "><subfield code="a">(CtY)17548280-yaledb-Voyager</subfield></datafield><datafield tag="100" ind1=" " ind2=" "><subfield code="a">Adamson, Peter, </subfield><subfield code="d"> 1972-</subfield><subfield code="9">no_linkage</subfield></datafield><datafield tag="245" ind1=" " ind2=" "><subfield code="a">The heirs of Avicenna : philosophy in the Islamic East, 12-13th centuries : metaphysics and theology /</subfield></datafield></record>