<record><leader>00324cam a2200097 a 4500</leader><controlfield tag="001">99175482893408651</controlfield><controlfield tag="005">20250917154334.0</controlfield><controlfield tag="008">250614s2022####xx######r#####000#0#eng#d</controlfield><datafield tag="035" ind1=" " ind2=" "><subfield code="a">(CtY)17548289-yaledb-Voyager</subfield></datafield><datafield tag="100" ind1=" " ind2=" "><subfield code="a">Lyford, Amy, </subfield><subfield code="d"> 1963-</subfield><subfield code="9">no_linkage</subfield></datafield><datafield tag="245" ind1=" " ind2=" "><subfield code="a">Isamu Noguchi's modernism : negotiating race, labor, and nation, 1930-1950</subfield></datafield></record>