<record><leader>00307cam a2200097 a 4500</leader><controlfield tag="001">99175482933408651</controlfield><controlfield tag="005">20250917154234.0</controlfield><controlfield tag="008">250614s2022####xx######r#####000#0#eng#d</controlfield><datafield tag="035" ind1=" " ind2=" "><subfield code="a">(CtY)17548293-yaledb-Voyager</subfield></datafield><datafield tag="100" ind1=" " ind2=" "><subfield code="a">Tal, Alon, </subfield><subfield code="d"> 1960-</subfield><subfield code="9">no_linkage</subfield></datafield><datafield tag="245" ind1=" " ind2=" "><subfield code="a">Making climate tech work : policies that drive innovation /</subfield></datafield></record>