<record><leader>00275cam a2200097 a 4500</leader><controlfield tag="001">99175483023408651</controlfield><controlfield tag="005">20250917154219.0</controlfield><controlfield tag="008">250614s2022####xx######r#####000#0#eng#d</controlfield><datafield tag="035" ind1=" " ind2=" "><subfield code="a">(CtY)17548302-yaledb-Voyager</subfield></datafield><datafield tag="100" ind1=" " ind2=" "><subfield code="a">Dickens, Charles, </subfield><subfield code="d"> 1812-1870.</subfield><subfield code="9">no_linkage</subfield></datafield><datafield tag="245" ind1=" " ind2=" "><subfield code="a">Little dorrit /</subfield></datafield></record>