<record><leader>00270cam a2200097 a 4500</leader><controlfield tag="001">99175484753408651</controlfield><controlfield tag="005">20250917154324.0</controlfield><controlfield tag="008">250614s2022####xx######r#####000#0#eng#d</controlfield><datafield tag="035" ind1=" " ind2=" "><subfield code="a">(CtY)17548475-yaledb-Voyager</subfield></datafield><datafield tag="100" ind1=" " ind2=" "><subfield code="a">Jordan, Robert, </subfield><subfield code="d"> 1948-2007.</subfield><subfield code="9">no_linkage</subfield></datafield><datafield tag="245" ind1=" " ind2=" "><subfield code="a">New spring /</subfield></datafield></record>