<record><leader>00303cam a2200097 a 4500</leader><controlfield tag="001">99175484763408651</controlfield><controlfield tag="005">20250917154311.0</controlfield><controlfield tag="008">250614s2022####xx######r#####000#0#eng#d</controlfield><datafield tag="035" ind1=" " ind2=" "><subfield code="a">(CtY)17548476-yaledb-Voyager</subfield></datafield><datafield tag="100" ind1=" " ind2=" "><subfield code="a">King, Bruce, </subfield><subfield code="d"> 1933-</subfield><subfield code="9">no_linkage</subfield></datafield><datafield tag="245" ind1=" " ind2=" "><subfield code="a">Three Indian poets : Ezekiel, Moraes, and Ramanujan /</subfield></datafield></record>