<record><leader>00290cam a2200097 a 4500</leader><controlfield tag="001">99175484813408651</controlfield><controlfield tag="005">20250917154233.0</controlfield><controlfield tag="008">250614s2022####xx######r#####000#0#eng#d</controlfield><datafield tag="035" ind1=" " ind2=" "><subfield code="a">(CtY)17548481-yaledb-Voyager</subfield></datafield><datafield tag="100" ind1=" " ind2=" "><subfield code="a">Herrera, Yuri, </subfield><subfield code="d"> 1970-</subfield><subfield code="9">no_linkage</subfield></datafield><datafield tag="245" ind1=" " ind2=" "><subfield code="a">Signs preceding the end of the world /</subfield></datafield></record>