<record><leader>00334cam a2200097 a 4500</leader><controlfield tag="001">99173641893408651</controlfield><controlfield tag="005">20250917153052.0</controlfield><controlfield tag="008">250614s2022####xx######r#####000#0#eng#d</controlfield><datafield tag="035" ind1=" " ind2=" "><subfield code="a">(CtY)17364189-yaledb-Voyager</subfield></datafield><datafield tag="100" ind1=" " ind2=" "><subfield code="a">Wittman, Richard, </subfield><subfield code="d"> 1967-</subfield><subfield code="9">no_linkage</subfield></datafield><datafield tag="245" ind1=" " ind2=" "><subfield code="a">Architecture, print culture, and the public sphere in eighteenth-century France</subfield></datafield></record>