<record><leader>00296cam a2200097 a 4500</leader><controlfield tag="001">99173646153408651</controlfield><controlfield tag="005">20250917153112.0</controlfield><controlfield tag="008">250614s2022####xx######r#####000#0#eng#d</controlfield><datafield tag="035" ind1=" " ind2=" "><subfield code="a">(CtY)17364615-yaledb-Voyager</subfield></datafield><datafield tag="100" ind1=" " ind2=" "><subfield code="a">Powery, Luke A., </subfield><subfield code="d"> 1974-</subfield><subfield code="9">no_linkage</subfield></datafield><datafield tag="245" ind1=" " ind2=" "><subfield code="a">Dem dry bones : preaching, death, and hope</subfield></datafield></record>