<record><leader>00338cam a2200097 a 4500</leader><controlfield tag="001">99173646163408651</controlfield><controlfield tag="005">20250917153037.0</controlfield><controlfield tag="008">250614s2022####xx######r#####000#0#eng#d</controlfield><datafield tag="035" ind1=" " ind2=" "><subfield code="a">(CtY)17364616-yaledb-Voyager</subfield></datafield><datafield tag="100" ind1=" " ind2=" "><subfield code="a">Philauri, Sharadha Rama, </subfield><subfield code="d"> 1837-1881.</subfield><subfield code="9">no_linkage</subfield></datafield><datafield tag="245" ind1=" " ind2=" "><subfield code="a">Punjabi bat chit; the text-book for higher standard Panjabi examination</subfield></datafield></record>