<record><leader>00336cam a2200097 a 4500</leader><controlfield tag="001">99173646173408651</controlfield><controlfield tag="005">20250917153310.0</controlfield><controlfield tag="008">250614s2022####xx######r#####000#0#eng#d</controlfield><datafield tag="035" ind1=" " ind2=" "><subfield code="a">(CtY)17364617-yaledb-Voyager</subfield></datafield><datafield tag="100" ind1=" " ind2=" "><subfield code="a">Lass, Heiko, </subfield><subfield code="d"> 1968-</subfield><subfield code="9">no_linkage</subfield></datafield><datafield tag="245" ind1=" " ind2=" "><subfield code="a">Musiktheater im hofischen Raum des fruhneuzeitlichen Europa : Hof, Oper, Architektur /</subfield></datafield></record>