<record><leader>00340cam a2200097 a 4500</leader><controlfield tag="001">99173646203408651</controlfield><controlfield tag="005">20250917153328.0</controlfield><controlfield tag="008">250614s2022####xx######r#####000#0#eng#d</controlfield><datafield tag="035" ind1=" " ind2=" "><subfield code="a">(CtY)17364620-yaledb-Voyager</subfield></datafield><datafield tag="100" ind1=" " ind2=" "><subfield code="a">Kapur Singh, </subfield><subfield code="d"> 1909-1986.</subfield><subfield code="9">no_linkage</subfield></datafield><datafield tag="245" ind1=" " ind2=" "><subfield code="a">Me judice : a miscellany on historical, political, cultural, and religious subjects /</subfield></datafield></record>