<record><leader>00394cam a2200097 a 4500</leader><controlfield tag="001">99173647173408651</controlfield><controlfield tag="005">20250917153351.0</controlfield><controlfield tag="008">250614s2022####xx######r#####000#0#eng#d</controlfield><datafield tag="035" ind1=" " ind2=" "><subfield code="a">(CtY)17364717-yaledb-Voyager</subfield></datafield><datafield tag="100" ind1=" " ind2=" "><subfield code="a">Wilcox, Emily, </subfield><subfield code="d"> 1981-</subfield><subfield code="9">no_linkage</subfield></datafield><datafield tag="245" ind1=" " ind2=" "><subfield code="a">Ge ming de shen ti : chong xin ren shi xian dang dai Zhongguo wu dao wen hua = Revolutionary bodies : Chinese dance and the socialist legacy /</subfield></datafield></record>