<record><leader>00357cam a2200097 a 4500</leader><controlfield tag="001">99173647183408651</controlfield><controlfield tag="005">20250917153320.0</controlfield><controlfield tag="008">250614s2022####xx######r#####000#0#eng#d</controlfield><datafield tag="035" ind1=" " ind2=" "><subfield code="a">(CtY)17364718-yaledb-Voyager</subfield></datafield><datafield tag="100" ind1=" " ind2=" "><subfield code="a">Oguma, Eiji, </subfield><subfield code="d"> 1962-</subfield><subfield code="9">no_linkage</subfield></datafield><datafield tag="245" ind1=" " ind2=" "><subfield code="a">"Riben ren" de jie xian : Chongsheng, Ainu, Taiwan, Chaoxian, cong zhi min di zhi pei dao fu gui yun dong /</subfield></datafield></record>