<record><leader>00329cam a2200097 a 4500</leader><controlfield tag="001">99173647203408651</controlfield><controlfield tag="005">20250917153332.0</controlfield><controlfield tag="008">250614s2022####xx######r#####000#0#eng#d</controlfield><datafield tag="035" ind1=" " ind2=" "><subfield code="a">(CtY)17364720-yaledb-Voyager</subfield></datafield><datafield tag="100" ind1=" " ind2=" "><subfield code="a">Kushner, Barak, </subfield><subfield code="d"> 1968-</subfield><subfield code="9">no_linkage</subfield></datafield><datafield tag="245" ind1=" " ind2=" "><subfield code="a">Cong ren dao gui,cong gui dao ren : Riben zhan fan yu Zhongguo de shen pan /</subfield></datafield></record>