<record><leader>00294cam a2200097 a 4500</leader><controlfield tag="001">99173647453408651</controlfield><controlfield tag="005">20250917153400.0</controlfield><controlfield tag="008">250614s2022####xx######r#####000#0#eng#d</controlfield><datafield tag="035" ind1=" " ind2=" "><subfield code="a">(CtY)17364745-yaledb-Voyager</subfield></datafield><datafield tag="100" ind1=" " ind2=" "><subfield code="a">Pellow, David N., </subfield><subfield code="d"> 1969-</subfield><subfield code="9">no_linkage</subfield></datafield><datafield tag="245" ind1=" " ind2=" "><subfield code="a">What is critical environmental justice?</subfield></datafield></record>