<record><leader>00317cam a2200097 a 4500</leader><controlfield tag="001">99173652183408651</controlfield><controlfield tag="005">20250917153326.0</controlfield><controlfield tag="008">250614s2022####xx######r#####000#0#eng#d</controlfield><datafield tag="035" ind1=" " ind2=" "><subfield code="a">(CtY)17365218-yaledb-Voyager</subfield></datafield><datafield tag="100" ind1=" " ind2=" "><subfield code="a">Berman, Marshall, </subfield><subfield code="d"> 1940-</subfield><subfield code="9">no_linkage</subfield></datafield><datafield tag="245" ind1=" " ind2=" "><subfield code="a">All that is solid melts into air : the experience of modernity</subfield></datafield></record>