<record><leader>00291cam a2200097 a 4500</leader><controlfield tag="001">99173652263408651</controlfield><controlfield tag="005">20250917153336.0</controlfield><controlfield tag="008">250614s2022####xx######r#####000#0#eng#d</controlfield><datafield tag="035" ind1=" " ind2=" "><subfield code="a">(CtY)17365226-yaledb-Voyager</subfield></datafield><datafield tag="100" ind1=" " ind2=" "><subfield code="a">Beiser, Frederick C., </subfield><subfield code="d"> 1949-</subfield><subfield code="9">no_linkage</subfield></datafield><datafield tag="245" ind1=" " ind2=" "><subfield code="a">The German historicist tradition</subfield></datafield></record>