<record><leader>00298cam a2200097 a 4500</leader><controlfield tag="001">99173665483408651</controlfield><controlfield tag="005">20250917153356.0</controlfield><controlfield tag="008">250615s2022####xx######r#####000#0#eng#d</controlfield><datafield tag="035" ind1=" " ind2=" "><subfield code="a">(CtY)17366548-yaledb-Voyager</subfield></datafield><datafield tag="100" ind1=" " ind2=" "><subfield code="a">Bennett, Michael, </subfield><subfield code="d"> 1985-</subfield><subfield code="9">no_linkage</subfield></datafield><datafield tag="245" ind1=" " ind2=" "><subfield code="a">Things that make white people uncomfortable</subfield></datafield></record>