<record><leader>00274cam a2200097 a 4500</leader><controlfield tag="001">99173665543408651</controlfield><controlfield tag="005">20250917153318.0</controlfield><controlfield tag="008">250615s2022####xx######r#####000#0#eng#d</controlfield><datafield tag="035" ind1=" " ind2=" "><subfield code="a">(CtY)17366554-yaledb-Voyager</subfield></datafield><datafield tag="100" ind1=" " ind2=" "><subfield code="a">Boccaccio, Giovanni, </subfield><subfield code="d"> 1313-1375.</subfield><subfield code="9">no_linkage</subfield></datafield><datafield tag="245" ind1=" " ind2=" "><subfield code="a">Il Filocolo</subfield></datafield></record>