<record><leader>00304cam a2200097 a 4500</leader><controlfield tag="001">99173665633408651</controlfield><controlfield tag="005">20250917153303.0</controlfield><controlfield tag="008">250615s2022####xx######r#####000#0#eng#d</controlfield><datafield tag="035" ind1=" " ind2=" "><subfield code="a">(CtY)17366563-yaledb-Voyager</subfield></datafield><datafield tag="100" ind1=" " ind2=" "><subfield code="a">Nelson, David L (David Lee), </subfield><subfield code="d"> 1942-</subfield><subfield code="9">no_linkage</subfield></datafield><datafield tag="245" ind1=" " ind2=" "><subfield code="a">Lehninger Principles of biochemistry /</subfield></datafield></record>