<record><leader>00320cam a2200097 a 4500</leader><controlfield tag="001">99173665673408651</controlfield><controlfield tag="005">20250917153308.0</controlfield><controlfield tag="008">250615s2022####xx######r#####000#0#eng#d</controlfield><datafield tag="035" ind1=" " ind2=" "><subfield code="a">(CtY)17366567-yaledb-Voyager</subfield></datafield><datafield tag="100" ind1=" " ind2=" "><subfield code="a">Shulman, David Dean, </subfield><subfield code="d"> 1949-</subfield><subfield code="9">no_linkage</subfield></datafield><datafield tag="245" ind1=" " ind2=" "><subfield code="a">More than real : a history of the imagination in south India /</subfield></datafield></record>