<record><leader>00323cam a2200097 a 4500</leader><controlfield tag="001">99173665733408651</controlfield><controlfield tag="005">20250917153259.0</controlfield><controlfield tag="008">250615s2022####xx######r#####000#0#eng#d</controlfield><datafield tag="035" ind1=" " ind2=" "><subfield code="a">(CtY)17366573-yaledb-Voyager</subfield></datafield><datafield tag="100" ind1=" " ind2=" "><subfield code="a">Dodds Pennock, Caroline, </subfield><subfield code="d"> 1978-</subfield><subfield code="9">no_linkage</subfield></datafield><datafield tag="245" ind1=" " ind2=" "><subfield code="a">On savage shores : how indigenous Americans discovered Europe</subfield></datafield></record>