<record><leader>00306cam a2200097 a 4500</leader><controlfield tag="001">99173665843408651</controlfield><controlfield tag="005">20250917153306.0</controlfield><controlfield tag="008">250615s2022####xx######r#####000#0#eng#d</controlfield><datafield tag="035" ind1=" " ind2=" "><subfield code="a">(CtY)17366584-yaledb-Voyager</subfield></datafield><datafield tag="100" ind1=" " ind2=" "><subfield code="a">Zhou, Zhiping, </subfield><subfield code="d"> 1947-</subfield><subfield code="9">no_linkage</subfield></datafield><datafield tag="245" ind1=" " ind2=" "><subfield code="a">A new China : an intermediate reader of modern Chinese</subfield></datafield></record>