<record><leader>00383cam a2200097 a 4500</leader><controlfield tag="001">99173665893408651</controlfield><controlfield tag="005">20250917153240.0</controlfield><controlfield tag="008">250615s2022####xx######r#####000#0#eng#d</controlfield><datafield tag="035" ind1=" " ind2=" "><subfield code="a">(CtY)17366589-yaledb-Voyager</subfield></datafield><datafield tag="100" ind1=" " ind2=" "><subfield code="a">Kent, John, </subfield><subfield code="d"> 1928-2000.</subfield><subfield code="9">no_linkage</subfield></datafield><datafield tag="245" ind1=" " ind2=" "><subfield code="a">A selection of Byzantine coins in the Barber Institute of Fine Arts : principally from the collection of Dr P.D. Whitting, G.M. /</subfield></datafield></record>