<record><leader>00287cam a2200097 a 4500</leader><controlfield tag="001">99173666373408651</controlfield><controlfield tag="005">20250917153406.0</controlfield><controlfield tag="008">250615s2022####xx######r#####000#0#eng#d</controlfield><datafield tag="035" ind1=" " ind2=" "><subfield code="a">(CtY)17366637-yaledb-Voyager</subfield></datafield><datafield tag="100" ind1=" " ind2=" "><subfield code="a">Closs, Marina, </subfield><subfield code="d"> 1990-</subfield><subfield code="9">no_linkage</subfield></datafield><datafield tag="245" ind1=" " ind2=" "><subfield code="a">Pombero : alguien, uno solo o nadie</subfield></datafield></record>