<record><leader>00331cam a2200097 a 4500</leader><controlfield tag="001">99173666383408651</controlfield><controlfield tag="005">20250917153343.0</controlfield><controlfield tag="008">250615s2022####xx######r#####000#0#eng#d</controlfield><datafield tag="035" ind1=" " ind2=" "><subfield code="a">(CtY)17366638-yaledb-Voyager</subfield></datafield><datafield tag="100" ind1=" " ind2=" "><subfield code="a">Collado Schwarz, Angel, </subfield><subfield code="d"> 1951-</subfield><subfield code="9">no_linkage</subfield></datafield><datafield tag="245" ind1=" " ind2=" "><subfield code="a">Truman y Puerto Rico : el origen de un proyecto descolonizador fallido</subfield></datafield></record>