<record><leader>00328cam a2200097 a 4500</leader><controlfield tag="001">99173670403408651</controlfield><controlfield tag="005">20250917153354.0</controlfield><controlfield tag="008">250615s2022####xx######r#####000#0#eng#d</controlfield><datafield tag="035" ind1=" " ind2=" "><subfield code="a">(CtY)17367040-yaledb-Voyager</subfield></datafield><datafield tag="100" ind1=" " ind2=" "><subfield code="a">Cumpston, J. H. L (John Howard Lidgett), </subfield><subfield code="d"> 1880-1954.</subfield><subfield code="9">no_linkage</subfield></datafield><datafield tag="245" ind1=" " ind2=" "><subfield code="a">Health and disease in Australia : a history /</subfield></datafield></record>