<record><leader>00321cam a2200097 a 4500</leader><controlfield tag="001">99173671733408651</controlfield><controlfield tag="005">20250917153313.0</controlfield><controlfield tag="008">250615s2022####xx######r#####000#0#eng#d</controlfield><datafield tag="035" ind1=" " ind2=" "><subfield code="a">(CtY)17367173-yaledb-Voyager</subfield></datafield><datafield tag="100" ind1=" " ind2=" "><subfield code="a">Coble, Parks M., </subfield><subfield code="d"> 1946-</subfield><subfield code="9">no_linkage</subfield></datafield><datafield tag="245" ind1=" " ind2=" "><subfield code="a">Facing Japan : Chinese politics and Japanese imperialism, 1931-1937</subfield></datafield></record>