<record><leader>00301cam a2200097 a 4500</leader><controlfield tag="001">99173675973408651</controlfield><controlfield tag="005">20250917153327.0</controlfield><controlfield tag="008">250615s2022####xx######r#####000#0#eng#d</controlfield><datafield tag="035" ind1=" " ind2=" "><subfield code="a">(CtY)17367597-yaledb-Voyager</subfield></datafield><datafield tag="100" ind1=" " ind2=" "><subfield code="a">Terkel, Studs, </subfield><subfield code="d"> 1912-</subfield><subfield code="9">no_linkage</subfield></datafield><datafield tag="245" ind1=" " ind2=" "><subfield code="a">\The good war\ : an oral history of World War Two</subfield></datafield></record>