<record><leader>00322cam a2200097 a 4500</leader><controlfield tag="001">99173675983408651</controlfield><controlfield tag="005">20250917153340.0</controlfield><controlfield tag="008">250615s2022####xx######r#####000#0#eng#d</controlfield><datafield tag="035" ind1=" " ind2=" "><subfield code="a">(CtY)17367598-yaledb-Voyager</subfield></datafield><datafield tag="100" ind1=" " ind2=" "><subfield code="a">Usmandi al-Samarqandi, Muhammad ibn Abd al-Hamid, </subfield><subfield code="d"> 1095-1157.</subfield><subfield code="9">no_linkage</subfield></datafield><datafield tag="245" ind1=" " ind2=" "><subfield code="a">al-Hidayah fi usul al-itiqad /</subfield></datafield></record>