<record><leader>00326cam a2200097 a 4500</leader><controlfield tag="001">99173676003408651</controlfield><controlfield tag="005">20250917153348.0</controlfield><controlfield tag="008">250615s2022####xx######r#####000#0#eng#d</controlfield><datafield tag="035" ind1=" " ind2=" "><subfield code="a">(CtY)17367600-yaledb-Voyager</subfield></datafield><datafield tag="100" ind1=" " ind2=" "><subfield code="a">Goldin, Grace, </subfield><subfield code="d"> 1908-1995.</subfield><subfield code="9">no_linkage</subfield></datafield><datafield tag="245" ind1=" " ind2=" "><subfield code="a">Historic hospitals of Europe, 1200-1981 : an exhibit of photographs /</subfield></datafield></record>