<record><leader>00317cam a2200097 a 4500</leader><controlfield tag="001">99173676253408651</controlfield><controlfield tag="005">20250917153341.0</controlfield><controlfield tag="008">250615s2022####xx######r#####000#0#eng#d</controlfield><datafield tag="035" ind1=" " ind2=" "><subfield code="a">(CtY)17367625-yaledb-Voyager</subfield></datafield><datafield tag="100" ind1=" " ind2=" "><subfield code="a">Walker, Brett L., </subfield><subfield code="d"> 1967-</subfield><subfield code="9">no_linkage</subfield></datafield><datafield tag="245" ind1=" " ind2=" "><subfield code="a">Toxic archipelago : a history of industrial disease in Japan /</subfield></datafield></record>