<record><leader>00338cam a2200097 a 4500</leader><controlfield tag="001">99173676293408651</controlfield><controlfield tag="005">20250917153315.0</controlfield><controlfield tag="008">250615s2022####xx######r#####000#0#eng#d</controlfield><datafield tag="035" ind1=" " ind2=" "><subfield code="a">(CtY)17367629-yaledb-Voyager</subfield></datafield><datafield tag="100" ind1=" " ind2=" "><subfield code="a">Stowasser, Barbara Freyer, </subfield><subfield code="d"> 1935-2012.</subfield><subfield code="9">no_linkage</subfield></datafield><datafield tag="245" ind1=" " ind2=" "><subfield code="a">The day begins at sunset : perceptions of time in the Islamic world /</subfield></datafield></record>