<record><leader>00329cam a2200097 a 4500</leader><controlfield tag="001">99173676313408651</controlfield><controlfield tag="005">20250917153349.0</controlfield><controlfield tag="008">250615s2022####xx######r#####000#0#eng#d</controlfield><datafield tag="035" ind1=" " ind2=" "><subfield code="a">(CtY)17367631-yaledb-Voyager</subfield></datafield><datafield tag="100" ind1=" " ind2=" "><subfield code="a">Hoyland, Robert G., </subfield><subfield code="d"> 1966-</subfield><subfield code="9">no_linkage</subfield></datafield><datafield tag="245" ind1=" " ind2=" "><subfield code="a">In God's path : the Arab conquests and the creation of an Islamic empire</subfield></datafield></record>