<record><leader>00342cam a2200097 a 4500</leader><controlfield tag="001">99173676333408651</controlfield><controlfield tag="005">20250917153343.0</controlfield><controlfield tag="008">250615s2022####xx######r#####000#0#eng#d</controlfield><datafield tag="035" ind1=" " ind2=" "><subfield code="a">(CtY)17367633-yaledb-Voyager</subfield></datafield><datafield tag="100" ind1=" " ind2=" "><subfield code="a">Owensby, Brian Philip, </subfield><subfield code="d"> 1959-</subfield><subfield code="9">no_linkage</subfield></datafield><datafield tag="245" ind1=" " ind2=" "><subfield code="a">New world of gain : Europeans, Guarani, and the global origins of modern economy /</subfield></datafield></record>