<record><leader>00314cam a2200097 a 4500</leader><controlfield tag="001">99173676383408651</controlfield><controlfield tag="005">20250917153317.0</controlfield><controlfield tag="008">250615s2022####xx######r#####000#0#eng#d</controlfield><datafield tag="035" ind1=" " ind2=" "><subfield code="a">(CtY)17367638-yaledb-Voyager</subfield></datafield><datafield tag="100" ind1=" " ind2=" "><subfield code="a">Du Bois, W. E. B. (William Edward Burghardt), </subfield><subfield code="d"> 1868-1963.</subfield><subfield code="9">no_linkage</subfield></datafield><datafield tag="245" ind1=" " ind2=" "><subfield code="a">Writings / W.E.B. Du Bois.</subfield></datafield></record>