<record><leader>00301cam a2200097 a 4500</leader><controlfield tag="001">99173676393408651</controlfield><controlfield tag="005">20250917153358.0</controlfield><controlfield tag="008">250615s2022####xx######r#####000#0#eng#d</controlfield><datafield tag="035" ind1=" " ind2=" "><subfield code="a">(CtY)17367639-yaledb-Voyager</subfield></datafield><datafield tag="100" ind1=" " ind2=" "><subfield code="a">Nordenfalk, Carl Adam Johan, </subfield><subfield code="d"> 1907-1992.</subfield><subfield code="9">no_linkage</subfield></datafield><datafield tag="245" ind1=" " ind2=" "><subfield code="a">Die Spatantiken Zierbuchstaben</subfield></datafield></record>