<record><leader>00322cam a2200097 a 4500</leader><controlfield tag="001">99173676533408651</controlfield><controlfield tag="005">20250917153340.0</controlfield><controlfield tag="008">250615s2022####xx######r#####000#0#eng#d</controlfield><datafield tag="035" ind1=" " ind2=" "><subfield code="a">(CtY)17367653-yaledb-Voyager</subfield></datafield><datafield tag="100" ind1=" " ind2=" "><subfield code="a">Schaefer, Donovan O., </subfield><subfield code="d"> 1981-</subfield><subfield code="9">no_linkage</subfield></datafield><datafield tag="245" ind1=" " ind2=" "><subfield code="a">Wild experiment : feeling science and secularism after Darwin /</subfield></datafield></record>