<record><leader>00332cam a2200097 a 4500</leader><controlfield tag="001">99173678723408651</controlfield><controlfield tag="005">20250917153323.0</controlfield><controlfield tag="008">250615s2022####xx######r#####000#0#eng#d</controlfield><datafield tag="035" ind1=" " ind2=" "><subfield code="a">(CtY)17367872-yaledb-Voyager</subfield></datafield><datafield tag="100" ind1=" " ind2=" "><subfield code="a">Halsey, Stephen R., </subfield><subfield code="d"> 1975-</subfield><subfield code="9">no_linkage</subfield></datafield><datafield tag="245" ind1=" " ind2=" "><subfield code="a">Quest for power : European imperialism and the making of Chinese statecraft</subfield></datafield></record>