<record><leader>00313cam a2200097 a 4500</leader><controlfield tag="001">99173678733408651</controlfield><controlfield tag="005">20250917153310.0</controlfield><controlfield tag="008">250615s2022####xx######r#####000#0#eng#d</controlfield><datafield tag="035" ind1=" " ind2=" "><subfield code="a">(CtY)17367873-yaledb-Voyager</subfield></datafield><datafield tag="100" ind1=" " ind2=" "><subfield code="a">Rosenblat, Alex, </subfield><subfield code="d"> 1987-</subfield><subfield code="9">no_linkage</subfield></datafield><datafield tag="245" ind1=" " ind2=" "><subfield code="a">Uberland : how algorithms are rewriting the rules of work /</subfield></datafield></record>