<record><leader>00336cam a2200097 a 4500</leader><controlfield tag="001">99173679643408651</controlfield><controlfield tag="005">20250917153345.0</controlfield><controlfield tag="008">250615s2022####xx######r#####000#0#eng#d</controlfield><datafield tag="035" ind1=" " ind2=" "><subfield code="a">(CtY)17367964-yaledb-Voyager</subfield></datafield><datafield tag="100" ind1=" " ind2=" "><subfield code="a">Bakewell, Sarah, </subfield><subfield code="d"> 1963-</subfield><subfield code="9">no_linkage</subfield></datafield><datafield tag="245" ind1=" " ind2=" "><subfield code="a">Humanly possible : seven hundred years of humanist freethinking, inquiry, and hope</subfield></datafield></record>