<record><leader>00312cam a2200097 a 4500</leader><controlfield tag="001">99173679673408651</controlfield><controlfield tag="005">20250917153335.0</controlfield><controlfield tag="008">250615s2022####xx######r#####000#0#eng#d</controlfield><datafield tag="035" ind1=" " ind2=" "><subfield code="a">(CtY)17367967-yaledb-Voyager</subfield></datafield><datafield tag="100" ind1=" " ind2=" "><subfield code="a">Moore, Will H., </subfield><subfield code="d"> 1962-2017.</subfield><subfield code="9">no_linkage</subfield></datafield><datafield tag="245" ind1=" " ind2=" "><subfield code="a">A mathematics course for political and social research</subfield></datafield></record>