<record><leader>00318cam a2200097 a 4500</leader><controlfield tag="001">99173679953408651</controlfield><controlfield tag="005">20250710050654.0</controlfield><controlfield tag="008">250615s2022####xx######r#####000#0#eng#d</controlfield><datafield tag="035" ind1=" " ind2=" "><subfield code="a">(CtY)17367995-yaledb-Voyager</subfield></datafield><datafield tag="100" ind1=" " ind2=" "><subfield code="a">Bauer, Thomas, 1961 September 27-</subfield><subfield code="9">no_linkage</subfield></datafield><datafield tag="245" ind1=" " ind2=" "><subfield code="a">A culture of ambiguity : an alternative history of Islam</subfield></datafield></record>