<record><leader>00303cam a2200097 a 4500</leader><controlfield tag="001">99173680303408651</controlfield><controlfield tag="005">20250917153241.0</controlfield><controlfield tag="008">250614s2022####xx######r#####000#0#eng#d</controlfield><datafield tag="035" ind1=" " ind2=" "><subfield code="a">(CtY)17368030-yaledb-Voyager</subfield></datafield><datafield tag="100" ind1=" " ind2=" "><subfield code="a">Tschumi, Bernard, </subfield><subfield code="d"> 1944-</subfield><subfield code="9">no_linkage</subfield></datafield><datafield tag="245" ind1=" " ind2=" "><subfield code="a">Event-cities 3 : concept vs. context vs. content</subfield></datafield></record>