<record><leader>00322cam a2200097 a 4500</leader><controlfield tag="001">99173680363408651</controlfield><controlfield tag="005">20250917153350.0</controlfield><controlfield tag="008">250614s2022####xx######r#####000#0#eng#d</controlfield><datafield tag="035" ind1=" " ind2=" "><subfield code="a">(CtY)17368036-yaledb-Voyager</subfield></datafield><datafield tag="100" ind1=" " ind2=" "><subfield code="a">Kallipoliti, Lydia, </subfield><subfield code="d"> 1976-</subfield><subfield code="9">no_linkage</subfield></datafield><datafield tag="245" ind1=" " ind2=" "><subfield code="a">The architecture of closed worlds, Or, what is the power of shit?</subfield></datafield></record>