<record><leader>00390cam a2200097 a 4500</leader><controlfield tag="001">99173682033408651</controlfield><controlfield tag="005">20250917153321.0</controlfield><controlfield tag="008">250614s2022####xx######r#####000#0#eng#d</controlfield><datafield tag="035" ind1=" " ind2=" "><subfield code="a">(CtY)17368203-yaledb-Voyager</subfield></datafield><datafield tag="100" ind1=" " ind2=" "><subfield code="a">Thornton, John K. (John Kelly), </subfield><subfield code="d"> 1949-</subfield><subfield code="9">no_linkage</subfield></datafield><datafield tag="245" ind1=" " ind2=" "><subfield code="a">Afonso I Mvemba a Nzinga, King of Kongo : his life and correspondence / John K. Thornton; translations by Luis Madureira.</subfield></datafield></record>