<record><leader>00295cam a2200097 a 4500</leader><controlfield tag="001">99173682373408651</controlfield><controlfield tag="005">20250917153242.0</controlfield><controlfield tag="008">250614s2022####xx######r#####000#0#eng#d</controlfield><datafield tag="035" ind1=" " ind2=" "><subfield code="a">(CtY)17368237-yaledb-Voyager</subfield></datafield><datafield tag="100" ind1=" " ind2=" "><subfield code="a">Sandoval, Alonso de, </subfield><subfield code="d"> 1576-1652.</subfield><subfield code="9">no_linkage</subfield></datafield><datafield tag="245" ind1=" " ind2=" "><subfield code="a">Un tratado sobre la esclavitud /</subfield></datafield></record>