<record><leader>00352cam a2200097 a 4500</leader><controlfield tag="001">99173682423408651</controlfield><controlfield tag="005">20250917153329.0</controlfield><controlfield tag="008">250614s2022####xx######r#####000#0#eng#d</controlfield><datafield tag="035" ind1=" " ind2=" "><subfield code="a">(CtY)17368242-yaledb-Voyager</subfield></datafield><datafield tag="100" ind1=" " ind2=" "><subfield code="a">Scott, Felicity Dale Elliston, </subfield><subfield code="d"> 1965-</subfield><subfield code="9">no_linkage</subfield></datafield><datafield tag="245" ind1=" " ind2=" "><subfield code="a">Outlaw territories : environments of insecurity/architectures of counterinsurgency /</subfield></datafield></record>