<record><leader>00313cam a2200097 a 4500</leader><controlfield tag="001">99173682433408651</controlfield><controlfield tag="005">20250917153407.0</controlfield><controlfield tag="008">250614s2022####xx######r#####000#0#eng#d</controlfield><datafield tag="035" ind1=" " ind2=" "><subfield code="a">(CtY)17368243-yaledb-Voyager</subfield></datafield><datafield tag="100" ind1=" " ind2=" "><subfield code="a">Smith, Caleb, </subfield><subfield code="d"> 1977-</subfield><subfield code="9">no_linkage</subfield></datafield><datafield tag="245" ind1=" " ind2=" "><subfield code="a">Thoreau's axe : distraction and discipline in American culture</subfield></datafield></record>