<record><leader>00261cam a2200097 a 4500</leader><controlfield tag="001">99173682963408651</controlfield><controlfield tag="005">20250917153249.0</controlfield><controlfield tag="008">250614s2022####xx######r#####000#0#eng#d</controlfield><datafield tag="035" ind1=" " ind2=" "><subfield code="a">(CtY)17368296-yaledb-Voyager</subfield></datafield><datafield tag="100" ind1=" " ind2=" "><subfield code="a">July, Miranda, </subfield><subfield code="d"> 1974-</subfield><subfield code="9">no_linkage</subfield></datafield><datafield tag="245" ind1=" " ind2=" "><subfield code="a">All fours</subfield></datafield></record>