<record><leader>00306cam a2200097 a 4500</leader><controlfield tag="001">99173683123408651</controlfield><controlfield tag="005">20250917153258.0</controlfield><controlfield tag="008">250614s2022####xx######r#####000#0#eng#d</controlfield><datafield tag="035" ind1=" " ind2=" "><subfield code="a">(CtY)17368312-yaledb-Voyager</subfield></datafield><datafield tag="100" ind1=" " ind2=" "><subfield code="a">Harris, Mary Emma, </subfield><subfield code="d"> 1943-</subfield><subfield code="9">no_linkage</subfield></datafield><datafield tag="245" ind1=" " ind2=" "><subfield code="a">Starting at zero : Black Mountain College, 1933-57</subfield></datafield></record>