<record><leader>00330cam a2200097 a 4500</leader><controlfield tag="001">99173683143408651</controlfield><controlfield tag="005">20250917153248.0</controlfield><controlfield tag="008">250614s2022####xx######r#####000#0#eng#d</controlfield><datafield tag="035" ind1=" " ind2=" "><subfield code="a">(CtY)17368314-yaledb-Voyager</subfield></datafield><datafield tag="100" ind1=" " ind2=" "><subfield code="a">Zegart, Amy B., </subfield><subfield code="d"> 1967-</subfield><subfield code="9">no_linkage</subfield></datafield><datafield tag="245" ind1=" " ind2=" "><subfield code="a">Spies, lies, and algorithms : the history and future of American intelligence</subfield></datafield></record>