<record><leader>00390cam a2200097 a 4500</leader><controlfield tag="001">99173683243408651</controlfield><controlfield tag="005">20250917153300.0</controlfield><controlfield tag="008">250614s2022####xx######r#####000#0#eng#d</controlfield><datafield tag="035" ind1=" " ind2=" "><subfield code="a">(CtY)17368324-yaledb-Voyager</subfield></datafield><datafield tag="100" ind1=" " ind2=" "><subfield code="a">Martin, Robert W. T (Robert William Thomas), </subfield><subfield code="d"> 1967-</subfield><subfield code="9">no_linkage</subfield></datafield><datafield tag="245" ind1=" " ind2=" "><subfield code="a">Government by dissent : protest, resistance, and radical democratic thought in the early American republic /</subfield></datafield></record>