<record><leader>00319cam a2200097 a 4500</leader><controlfield tag="001">99173683333408651</controlfield><controlfield tag="005">20250917153403.0</controlfield><controlfield tag="008">250614s2022####xx######r#####000#0#eng#d</controlfield><datafield tag="035" ind1=" " ind2=" "><subfield code="a">(CtY)17368333-yaledb-Voyager</subfield></datafield><datafield tag="100" ind1=" " ind2=" "><subfield code="a">Lassiter, Matthew D., </subfield><subfield code="d"> 1970-</subfield><subfield code="9">no_linkage</subfield></datafield><datafield tag="245" ind1=" " ind2=" "><subfield code="a">The silent majority : suburban politics in the Sunbelt South</subfield></datafield></record>