<record><leader>00357cam a2200097 a 4500</leader><controlfield tag="001">99173683343408651</controlfield><controlfield tag="005">20250917153311.0</controlfield><controlfield tag="008">250614s2022####xx######r#####000#0#eng#d</controlfield><datafield tag="035" ind1=" " ind2=" "><subfield code="a">(CtY)17368334-yaledb-Voyager</subfield></datafield><datafield tag="100" ind1=" " ind2=" "><subfield code="a">Newman, Simon P (Simon Peter), </subfield><subfield code="d"> 1960-</subfield><subfield code="9">no_linkage</subfield></datafield><datafield tag="245" ind1=" " ind2=" "><subfield code="a">Parades and the politics of the street : festive culture in the early American republic /</subfield></datafield></record>