<record><leader>00314cam a2200097 a 4500</leader><controlfield tag="001">99173683433408651</controlfield><controlfield tag="005">20250917153243.0</controlfield><controlfield tag="008">250614s2022####xx######r#####000#0#eng#d</controlfield><datafield tag="035" ind1=" " ind2=" "><subfield code="a">(CtY)17368343-yaledb-Voyager</subfield></datafield><datafield tag="100" ind1=" " ind2=" "><subfield code="a">Self, Robert O., </subfield><subfield code="d"> 1968-</subfield><subfield code="9">no_linkage</subfield></datafield><datafield tag="245" ind1=" " ind2=" "><subfield code="a">American Babylon : race and the struggle for postwar Oakland</subfield></datafield></record>