<record><leader>00352cam a2200097 a 4500</leader><controlfield tag="001">99173683483408651</controlfield><controlfield tag="005">20250917153246.0</controlfield><controlfield tag="008">250614s2022####xx######r#####000#0#eng#d</controlfield><datafield tag="035" ind1=" " ind2=" "><subfield code="a">(CtY)17368348-yaledb-Voyager</subfield></datafield><datafield tag="100" ind1=" " ind2=" "><subfield code="a">Mays, Kyle T., </subfield><subfield code="d"> 1987-</subfield><subfield code="9">no_linkage</subfield></datafield><datafield tag="245" ind1=" " ind2=" "><subfield code="a">City of dispossessions : indigenous peoples, African Americans, and the creation of modern Detroit /</subfield></datafield></record>