<record><leader>00348cam a2200097 a 4500</leader><controlfield tag="001">99173685193408651</controlfield><controlfield tag="005">20250917153338.0</controlfield><controlfield tag="008">250614s2022####xx######r#####000#0#eng#d</controlfield><datafield tag="035" ind1=" " ind2=" "><subfield code="a">(CtY)17368519-yaledb-Voyager</subfield></datafield><datafield tag="100" ind1=" " ind2=" "><subfield code="a">Bartels, Larry M., </subfield><subfield code="d"> 1956-</subfield><subfield code="9">no_linkage</subfield></datafield><datafield tag="245" ind1=" " ind2=" "><subfield code="a">Democracy erodes from the top : leaders, citizens, and the challenge of populism in Europe /</subfield></datafield></record>