<record><leader>00343cam a2200097 a 4500</leader><controlfield tag="001">99173685253408651</controlfield><controlfield tag="005">20250917153330.0</controlfield><controlfield tag="008">250614s2022####xx######r#####000#0#eng#d</controlfield><datafield tag="035" ind1=" " ind2=" "><subfield code="a">(CtY)17368525-yaledb-Voyager</subfield></datafield><datafield tag="100" ind1=" " ind2=" "><subfield code="a">Muscolino, Micah S., </subfield><subfield code="d"> 1977-</subfield><subfield code="9">no_linkage</subfield></datafield><datafield tag="245" ind1=" " ind2=" "><subfield code="a">The ecology of war in China : Henan Province, the Yellow River, and beyond, 1938-1950</subfield></datafield></record>