<record><leader>00306cam a2200097 a 4500</leader><controlfield tag="001">99173685733408651</controlfield><controlfield tag="005">20250917153319.0</controlfield><controlfield tag="008">250614s2022####xx######r#####000#0#eng#d</controlfield><datafield tag="035" ind1=" " ind2=" "><subfield code="a">(CtY)17368573-yaledb-Voyager</subfield></datafield><datafield tag="100" ind1=" " ind2=" "><subfield code="a">Reynolds, Simon, </subfield><subfield code="d"> 1963-</subfield><subfield code="9">no_linkage</subfield></datafield><datafield tag="245" ind1=" " ind2=" "><subfield code="a">Retromania : pop culture's addiction to its own past</subfield></datafield></record>