<record><leader>00285cam a2200097 a 4500</leader><controlfield tag="001">99173842343408651</controlfield><controlfield tag="005">20250917154838.0</controlfield><controlfield tag="008">250614s2022####xx######r#####000#0#eng#d</controlfield><datafield tag="035" ind1=" " ind2=" "><subfield code="a">(CtY)17384234-yaledb-Voyager</subfield></datafield><datafield tag="100" ind1=" " ind2=" "><subfield code="a">Nativo, Gianluca, </subfield><subfield code="d"> 1990-</subfield><subfield code="9">no_linkage</subfield></datafield><datafield tag="245" ind1=" " ind2=" "><subfield code="a">Il primo che passa : romanzo /</subfield></datafield></record>