<record><leader>00301cam a2200097 a 4500</leader><controlfield tag="001">99173842353408651</controlfield><controlfield tag="005">20250917154859.0</controlfield><controlfield tag="008">250614s2022####xx######r#####000#0#eng#d</controlfield><datafield tag="035" ind1=" " ind2=" "><subfield code="a">(CtY)17384235-yaledb-Voyager</subfield></datafield><datafield tag="100" ind1=" " ind2=" "><subfield code="a">Walpole, Hugh, </subfield><subfield code="d"> 1884-1941.</subfield><subfield code="9">no_linkage</subfield></datafield><datafield tag="245" ind1=" " ind2=" "><subfield code="a">The killer and the slain : a strange story /</subfield></datafield></record>