<record><leader>00325cam a2200097 a 4500</leader><controlfield tag="001">99173842403408651</controlfield><controlfield tag="005">20250917154904.0</controlfield><controlfield tag="008">250614s2022####xx######r#####000#0#eng#d</controlfield><datafield tag="035" ind1=" " ind2=" "><subfield code="a">(CtY)17384240-yaledb-Voyager</subfield></datafield><datafield tag="100" ind1=" " ind2=" "><subfield code="a">Miller, Lulu, </subfield><subfield code="d"> 1983-</subfield><subfield code="9">no_linkage</subfield></datafield><datafield tag="245" ind1=" " ind2=" "><subfield code="a">Why fish don't exist : a story of loss, love, and the hidden order of life</subfield></datafield></record>