<record><leader>00325cam a2200097 a 4500</leader><controlfield tag="001">99173842453408651</controlfield><controlfield tag="005">20250917154900.0</controlfield><controlfield tag="008">250614s2022####xx######r#####000#0#eng#d</controlfield><datafield tag="035" ind1=" " ind2=" "><subfield code="a">(CtY)17384245-yaledb-Voyager</subfield></datafield><datafield tag="100" ind1=" " ind2=" "><subfield code="a">Mikhail, Alan, </subfield><subfield code="d"> 1979-</subfield><subfield code="9">no_linkage</subfield></datafield><datafield tag="245" ind1=" " ind2=" "><subfield code="a">Under Osman's tree : the Ottoman Empire, Egypt, and environmental history</subfield></datafield></record>