<record><leader>00338cam a2200097 a 4500</leader><controlfield tag="001">99173842523408651</controlfield><controlfield tag="005">20250917154857.0</controlfield><controlfield tag="008">250614s2022####xx######r#####000#0#eng#d</controlfield><datafield tag="035" ind1=" " ind2=" "><subfield code="a">(CtY)17384252-yaledb-Voyager</subfield></datafield><datafield tag="100" ind1=" " ind2=" "><subfield code="a">Shah, Nayan, </subfield><subfield code="d"> 1966-</subfield><subfield code="9">no_linkage</subfield></datafield><datafield tag="245" ind1=" " ind2=" "><subfield code="a">Stranger intimacy : contesting race, sexuality, and the law in the North American West /</subfield></datafield></record>