<record><leader>00348cam a2200097 a 4500</leader><controlfield tag="001">99173842573408651</controlfield><controlfield tag="005">20250917154937.0</controlfield><controlfield tag="008">250614s2022####xx######r#####000#0#eng#d</controlfield><datafield tag="035" ind1=" " ind2=" "><subfield code="a">(CtY)17384257-yaledb-Voyager</subfield></datafield><datafield tag="100" ind1=" " ind2=" "><subfield code="a">Lumba, Allan E. S., </subfield><subfield code="d"> 1981-</subfield><subfield code="9">no_linkage</subfield></datafield><datafield tag="245" ind1=" " ind2=" "><subfield code="a">Monetary authorities : capitalism and decolonization in the American colonial Philippines /</subfield></datafield></record>