<record><leader>00326cam a2200097 a 4500</leader><controlfield tag="001">99173842633408651</controlfield><controlfield tag="005">20250917154940.0</controlfield><controlfield tag="008">250614s2022####xx######r#####000#0#eng#d</controlfield><datafield tag="035" ind1=" " ind2=" "><subfield code="a">(CtY)17384263-yaledb-Voyager</subfield></datafield><datafield tag="100" ind1=" " ind2=" "><subfield code="a">Saguin, Kristian Karlo, </subfield><subfield code="d"> 1982-</subfield><subfield code="9">no_linkage</subfield></datafield><datafield tag="245" ind1=" " ind2=" "><subfield code="a">Urban ecologies on the edge : making Manila's resource frontier /</subfield></datafield></record>