<record><leader>00283cam a2200097 a 4500</leader><controlfield tag="001">99173842673408651</controlfield><controlfield tag="005">20250917154924.0</controlfield><controlfield tag="008">250614s2022####xx######r#####000#0#eng#d</controlfield><datafield tag="035" ind1=" " ind2=" "><subfield code="a">(CtY)17384267-yaledb-Voyager</subfield></datafield><datafield tag="100" ind1=" " ind2=" "><subfield code="a">Damas, Leon-Gontran, </subfield><subfield code="d"> 1912-1978.</subfield><subfield code="9">no_linkage</subfield></datafield><datafield tag="245" ind1=" " ind2=" "><subfield code="a">Pigments Nevralgies.</subfield></datafield></record>