<record><leader>00330cam a2200097 a 4500</leader><controlfield tag="001">99173842683408651</controlfield><controlfield tag="005">20250917154940.0</controlfield><controlfield tag="008">250614s2022####xx######r#####000#0#eng#d</controlfield><datafield tag="035" ind1=" " ind2=" "><subfield code="a">(CtY)17384268-yaledb-Voyager</subfield></datafield><datafield tag="100" ind1=" " ind2=" "><subfield code="a">Proudhon, P.-J. (Pierre-Joseph), </subfield><subfield code="d"> 1809-1865.</subfield><subfield code="9">no_linkage</subfield></datafield><datafield tag="245" ind1=" " ind2=" "><subfield code="a">Property is theft! : a Pierre-Joseph Proudhon anthology</subfield></datafield></record>