<record><leader>00295cam a2200097 a 4500</leader><controlfield tag="001">99173842833408651</controlfield><controlfield tag="005">20250917154930.0</controlfield><controlfield tag="008">250614s2022####xx######r#####000#0#eng#d</controlfield><datafield tag="035" ind1=" " ind2=" "><subfield code="a">(CtY)17384283-yaledb-Voyager</subfield></datafield><datafield tag="100" ind1=" " ind2=" "><subfield code="a">Heinlein, Robert A. (Robert Anson), </subfield><subfield code="d"> 1907-1988.</subfield><subfield code="9">no_linkage</subfield></datafield><datafield tag="245" ind1=" " ind2=" "><subfield code="a">Starship troopers</subfield></datafield></record>