<record><leader>00312cam a2200097 a 4500</leader><controlfield tag="001">99173842843408651</controlfield><controlfield tag="005">20250917154930.0</controlfield><controlfield tag="008">250614s2022####xx######r#####000#0#eng#d</controlfield><datafield tag="035" ind1=" " ind2=" "><subfield code="a">(CtY)17384284-yaledb-Voyager</subfield></datafield><datafield tag="100" ind1=" " ind2=" "><subfield code="a">Chattopadhyay, Swati, </subfield><subfield code="d"> 1962-</subfield><subfield code="9">no_linkage</subfield></datafield><datafield tag="245" ind1=" " ind2=" "><subfield code="a">Small spaces : recasting the architecture of empire /</subfield></datafield></record>