<record><leader>00356cam a2200097 a 4500</leader><controlfield tag="001">99173843083408651</controlfield><controlfield tag="005">20250917154938.0</controlfield><controlfield tag="008">250614s2022####xx######r#####000#0#eng#d</controlfield><datafield tag="035" ind1=" " ind2=" "><subfield code="a">(CtY)17384308-yaledb-Voyager</subfield></datafield><datafield tag="100" ind1=" " ind2=" "><subfield code="a">Weber-Will, Susanne, </subfield><subfield code="d"> 1950-</subfield><subfield code="9">no_linkage</subfield></datafield><datafield tag="245" ind1=" " ind2=" "><subfield code="a">Die rechtliche Stellung der Frau im Privatrecht des Preussischen Allgemeinen Landrechts von 1794 /</subfield></datafield></record>