<record><leader>00381cam a2200097 a 4500</leader><controlfield tag="001">99173843143408651</controlfield><controlfield tag="005">20250917154936.0</controlfield><controlfield tag="008">250614s2022####xx######r#####000#0#eng#d</controlfield><datafield tag="035" ind1=" " ind2=" "><subfield code="a">(CtY)17384314-yaledb-Voyager</subfield></datafield><datafield tag="100" ind1=" " ind2=" "><subfield code="a">Tnnessen, J. N. (Johan Nicolay), </subfield><subfield code="d"> 1901-</subfield><subfield code="9">no_linkage</subfield></datafield><datafield tag="245" ind1=" " ind2=" "><subfield code="a">History of modern whaling / J.N. Tnnessen, A.O. Johnsen ; translated from the Norwegian by R.I. Christophersen.</subfield></datafield></record>