<record><leader>00322cam a2200097 a 4500</leader><controlfield tag="001">99173843173408651</controlfield><controlfield tag="005">20250917154921.0</controlfield><controlfield tag="008">250614s2022####xx######r#####000#0#eng#d</controlfield><datafield tag="035" ind1=" " ind2=" "><subfield code="a">(CtY)17384317-yaledb-Voyager</subfield></datafield><datafield tag="100" ind1=" " ind2=" "><subfield code="a">Bruun, Ole, </subfield><subfield code="d"> 1953-</subfield><subfield code="9">no_linkage</subfield></datafield><datafield tag="245" ind1=" " ind2=" "><subfield code="a">Precious steppe : Mongolian nomadic pastoralists in pursuit of the market</subfield></datafield></record>