<record><leader>00343cam a2200097 a 4500</leader><controlfield tag="001">99173843283408651</controlfield><controlfield tag="005">20250917154910.0</controlfield><controlfield tag="008">250614s2022####xx######r#####000#0#eng#d</controlfield><datafield tag="035" ind1=" " ind2=" "><subfield code="a">(CtY)17384328-yaledb-Voyager</subfield></datafield><datafield tag="100" ind1=" " ind2=" "><subfield code="a">Akhundzadah, Fath Ali, </subfield><subfield code="d"> 1812-1878.</subfield><subfield code="9">no_linkage</subfield></datafield><datafield tag="245" ind1=" " ind2=" "><subfield code="a">Maktubat : namahha-yi shahzadah Kamal al-Dulah bih shahzadah Jalal al-Dulah  /</subfield></datafield></record>