<record><leader>00321cam a2200097 a 4500</leader><controlfield tag="001">99173843293408651</controlfield><controlfield tag="005">20250917154921.0</controlfield><controlfield tag="008">250614s2022####xx######r#####000#0#eng#d</controlfield><datafield tag="035" ind1=" " ind2=" "><subfield code="a">(CtY)17384329-yaledb-Voyager</subfield></datafield><datafield tag="100" ind1=" " ind2=" "><subfield code="a">Ray, Asok Kumar, </subfield><subfield code="d"> 1951-</subfield><subfield code="9">no_linkage</subfield></datafield><datafield tag="245" ind1=" " ind2=" "><subfield code="a">Authority and legitimacy : a study of the Thadou-Kukis in Manipur /</subfield></datafield></record>