<record><leader>00371cam a2200097 a 4500</leader><controlfield tag="001">99173843623408651</controlfield><controlfield tag="005">20250917154908.0</controlfield><controlfield tag="008">250614s2022####xx######r#####000#0#eng#d</controlfield><datafield tag="035" ind1=" " ind2=" "><subfield code="a">(CtY)17384362-yaledb-Voyager</subfield></datafield><datafield tag="100" ind1=" " ind2=" "><subfield code="a">Lehmann, Johannes Friedrich, </subfield><subfield code="d"> 1966-</subfield><subfield code="9">no_linkage</subfield></datafield><datafield tag="245" ind1=" " ind2=" "><subfield code="a">Der Blick durch die Wand : zur Geschichte des Theaterzuschauers und des Visuellen bei Diderot und Lessing</subfield></datafield></record>