<record><leader>00305cam a2200097 a 4500</leader><controlfield tag="001">99173843713408651</controlfield><controlfield tag="005">20250917154944.0</controlfield><controlfield tag="008">250614s2022####xx######r#####000#0#eng#d</controlfield><datafield tag="035" ind1=" " ind2=" "><subfield code="a">(CtY)17384371-yaledb-Voyager</subfield></datafield><datafield tag="100" ind1=" " ind2=" "><subfield code="a">Haggard, H. Rider (Henry Rider), </subfield><subfield code="d"> 1856-1925.</subfield><subfield code="9">no_linkage</subfield></datafield><datafield tag="245" ind1=" " ind2=" "><subfield code="a">She : a history of adventure /</subfield></datafield></record>