<record><leader>00345cam a2200097 a 4500</leader><controlfield tag="001">99173843843408651</controlfield><controlfield tag="005">20250917154943.0</controlfield><controlfield tag="008">250614s2022####xx######r#####000#0#eng#d</controlfield><datafield tag="035" ind1=" " ind2=" "><subfield code="a">(CtY)17384384-yaledb-Voyager</subfield></datafield><datafield tag="100" ind1=" " ind2=" "><subfield code="a">Mizoguchi, Koji, </subfield><subfield code="d"> 1963-</subfield><subfield code="9">no_linkage</subfield></datafield><datafield tag="245" ind1=" " ind2=" "><subfield code="a">The archaeology of Japan : from the earliest rice farming villages to the rise of the state</subfield></datafield></record>