<record><leader>00285cam a2200097 a 4500</leader><controlfield tag="001">99173844133408651</controlfield><controlfield tag="005">20250917154917.0</controlfield><controlfield tag="008">250614s2022####xx######r#####000#0#eng#d</controlfield><datafield tag="035" ind1=" " ind2=" "><subfield code="a">(CtY)17384413-yaledb-Voyager</subfield></datafield><datafield tag="100" ind1=" " ind2=" "><subfield code="a">Thurman, Howard, </subfield><subfield code="d"> 1900-1981.</subfield><subfield code="9">no_linkage</subfield></datafield><datafield tag="245" ind1=" " ind2=" "><subfield code="a">Jesus and the disinherited</subfield></datafield></record>