<record><leader>00323cam a2200097 a 4500</leader><controlfield tag="001">99173844193408651</controlfield><controlfield tag="005">20250917154933.0</controlfield><controlfield tag="008">250614s2022####xx######r#####000#0#eng#d</controlfield><datafield tag="035" ind1=" " ind2=" "><subfield code="a">(CtY)17384419-yaledb-Voyager</subfield></datafield><datafield tag="100" ind1=" " ind2=" "><subfield code="a">Alexander, Estrelda, </subfield><subfield code="d"> 1949-</subfield><subfield code="9">no_linkage</subfield></datafield><datafield tag="245" ind1=" " ind2=" "><subfield code="a">Black fire : one hundred years of African American Pentecostalism</subfield></datafield></record>