<record><leader>00308cam a2200097 a 4500</leader><controlfield tag="001">99173844223408651</controlfield><controlfield tag="005">20250917154912.0</controlfield><controlfield tag="008">250614s2022####xx######r#####000#0#eng#d</controlfield><datafield tag="035" ind1=" " ind2=" "><subfield code="a">(CtY)17384422-yaledb-Voyager</subfield></datafield><datafield tag="100" ind1=" " ind2=" "><subfield code="a">Prak, Maarten Roy, </subfield><subfield code="d"> 1955-</subfield><subfield code="9">no_linkage</subfield></datafield><datafield tag="245" ind1=" " ind2=" "><subfield code="a">Pioneers of capitalism : The Netherlands 1000-1800 /</subfield></datafield></record>