<record><leader>00340cam a2200097 a 4500</leader><controlfield tag="001">99173845273408651</controlfield><controlfield tag="005">20250917154914.0</controlfield><controlfield tag="008">250614s2022####xx######r#####000#0#eng#d</controlfield><datafield tag="035" ind1=" " ind2=" "><subfield code="a">(CtY)17384527-yaledb-Voyager</subfield></datafield><datafield tag="100" ind1=" " ind2=" "><subfield code="a">Ferguson, James, </subfield><subfield code="d"> 1959-</subfield><subfield code="9">no_linkage</subfield></datafield><datafield tag="245" ind1=" " ind2=" "><subfield code="a">Expectations of modernity : myths and meanings of urban life on the Zambian Copperbelt</subfield></datafield></record>