<record><leader>00311cam a2200097 a 4500</leader><controlfield tag="001">99173845283408651</controlfield><controlfield tag="005">20250917154917.0</controlfield><controlfield tag="008">250614s2022####xx######r#####000#0#eng#d</controlfield><datafield tag="035" ind1=" " ind2=" "><subfield code="a">(CtY)17384528-yaledb-Voyager</subfield></datafield><datafield tag="100" ind1=" " ind2=" "><subfield code="a">Davis, Mike, </subfield><subfield code="d"> 1946-</subfield><subfield code="9">no_linkage</subfield></datafield><datafield tag="245" ind1=" " ind2=" "><subfield code="a">Ecology of fear : Los Angeles and the imagination of disaster</subfield></datafield></record>