<record><leader>00287cam a2200097 a 4500</leader><controlfield tag="001">99173845303408651</controlfield><controlfield tag="005">20250917154918.0</controlfield><controlfield tag="008">250614s2022####xx######r#####000#0#eng#d</controlfield><datafield tag="035" ind1=" " ind2=" "><subfield code="a">(CtY)17384530-yaledb-Voyager</subfield></datafield><datafield tag="100" ind1=" " ind2=" "><subfield code="a">Chen, Lai, </subfield><subfield code="d"> 1952-</subfield><subfield code="9">no_linkage</subfield></datafield><datafield tag="245" ind1=" " ind2=" "><subfield code="a">Zhongguo jin shi si xiang shi yan jiu /</subfield></datafield></record>