<record><leader>00326cam a2200097 a 4500</leader><controlfield tag="001">99173871833408651</controlfield><controlfield tag="005">20250917154942.0</controlfield><controlfield tag="008">250614s2022####xx######r#####000#0#eng#d</controlfield><datafield tag="035" ind1=" " ind2=" "><subfield code="a">(CtY)17387183-yaledb-Voyager</subfield></datafield><datafield tag="100" ind1=" " ind2=" "><subfield code="a">Petro, Anthony Michael, </subfield><subfield code="d"> 1981-</subfield><subfield code="9">no_linkage</subfield></datafield><datafield tag="245" ind1=" " ind2=" "><subfield code="a">After the wrath of God : AIDS, sexuality, and American religion /</subfield></datafield></record>