<record><leader>00315cam a2200097 a 4500</leader><controlfield tag="001">99173871863408651</controlfield><controlfield tag="005">20250917154942.0</controlfield><controlfield tag="008">250614s2022####xx######r#####000#0#eng#d</controlfield><datafield tag="035" ind1=" " ind2=" "><subfield code="a">(CtY)17387186-yaledb-Voyager</subfield></datafield><datafield tag="100" ind1=" " ind2=" "><subfield code="a">La Farge, Oliver, </subfield><subfield code="d"> 1901-1963.</subfield><subfield code="9">no_linkage</subfield></datafield><datafield tag="245" ind1=" " ind2=" "><subfield code="a">Santa Eulalia; the religion of a Cuchumatan Indian town</subfield></datafield></record>