<record><leader>00303cam a2200097 a 4500</leader><controlfield tag="001">99173871873408651</controlfield><controlfield tag="005">20250917154930.0</controlfield><controlfield tag="008">250614s2022####xx######r#####000#0#eng#d</controlfield><datafield tag="035" ind1=" " ind2=" "><subfield code="a">(CtY)17387187-yaledb-Voyager</subfield></datafield><datafield tag="100" ind1=" " ind2=" "><subfield code="a">Wagley, Charles, </subfield><subfield code="d"> 1913-</subfield><subfield code="9">no_linkage</subfield></datafield><datafield tag="245" ind1=" " ind2=" "><subfield code="a">Social and religious life of a Guatemalan village</subfield></datafield></record>