<record><leader>00332cam a2200097 a 4500</leader><controlfield tag="001">99173871883408651</controlfield><controlfield tag="005">20250917154934.0</controlfield><controlfield tag="008">250614s2022####xx######r#####000#0#eng#d</controlfield><datafield tag="035" ind1=" " ind2=" "><subfield code="a">(CtY)17387188-yaledb-Voyager</subfield></datafield><datafield tag="100" ind1=" " ind2=" "><subfield code="a">Marchand, Suzanne L., </subfield><subfield code="d"> 1961-</subfield><subfield code="9">no_linkage</subfield></datafield><datafield tag="245" ind1=" " ind2=" "><subfield code="a">German orientalism in the age of empire : religion, race, and scholarship</subfield></datafield></record>