<record><leader>00313cam a2200097 a 4500</leader><controlfield tag="001">99173871923408651</controlfield><controlfield tag="005">20250917154939.0</controlfield><controlfield tag="008">250614s2022####xx######r#####000#0#eng#d</controlfield><datafield tag="035" ind1=" " ind2=" "><subfield code="a">(CtY)17387192-yaledb-Voyager</subfield></datafield><datafield tag="100" ind1=" " ind2=" "><subfield code="a">Stubbe, Henry, </subfield><subfield code="d"> 1632-1676.</subfield><subfield code="9">no_linkage</subfield></datafield><datafield tag="245" ind1=" " ind2=" "><subfield code="a">Henry Stubbe and the beginnings of Islam : the Originall</subfield></datafield></record>