<record><leader>00282cam a2200097 a 4500</leader><controlfield tag="001">99173871933408651</controlfield><controlfield tag="005">20250917154923.0</controlfield><controlfield tag="008">250614s2022####xx######r#####000#0#eng#d</controlfield><datafield tag="035" ind1=" " ind2=" "><subfield code="a">(CtY)17387193-yaledb-Voyager</subfield></datafield><datafield tag="100" ind1=" " ind2=" "><subfield code="a">Benedict XVI, Pope, </subfield><subfield code="d"> 1927-</subfield><subfield code="9">no_linkage</subfield></datafield><datafield tag="245" ind1=" " ind2=" "><subfield code="a">The spirit of the liturgy</subfield></datafield></record>