<record><leader>00344cam a2200097 a 4500</leader><controlfield tag="001">99173874073408651</controlfield><controlfield tag="005">20250917154912.0</controlfield><controlfield tag="008">250614s2022####xx######r#####000#0#eng#d</controlfield><datafield tag="035" ind1=" " ind2=" "><subfield code="a">(CtY)17387407-yaledb-Voyager</subfield></datafield><datafield tag="100" ind1=" " ind2=" "><subfield code="a">Friedman, Lawrence M (Lawrence Meir), </subfield><subfield code="d"> 1930-</subfield><subfield code="9">no_linkage</subfield></datafield><datafield tag="245" ind1=" " ind2=" "><subfield code="a">Dead hands : a social history of wills, trusts, and inheritance law /</subfield></datafield></record>