<record><leader>00331cam a2200097 a 4500</leader><controlfield tag="001">99173874083408651</controlfield><controlfield tag="005">20250917154907.0</controlfield><controlfield tag="008">250614s2022####xx######r#####000#0#eng#d</controlfield><datafield tag="035" ind1=" " ind2=" "><subfield code="a">(CtY)17387408-yaledb-Voyager</subfield></datafield><datafield tag="100" ind1=" " ind2=" "><subfield code="a">Warikoo, Natasha Kumar, </subfield><subfield code="d"> 1973-</subfield><subfield code="9">no_linkage</subfield></datafield><datafield tag="245" ind1=" " ind2=" "><subfield code="a">IS AFFIRMATIVE ACTION FAIR? : the myth of equity in college admissions</subfield></datafield></record>