<record><leader>00325cam a2200097 a 4500</leader><controlfield tag="001">99173874123408651</controlfield><controlfield tag="005">20250917154927.0</controlfield><controlfield tag="008">250614s2022####xx######r#####000#0#eng#d</controlfield><datafield tag="035" ind1=" " ind2=" "><subfield code="a">(CtY)17387412-yaledb-Voyager</subfield></datafield><datafield tag="100" ind1=" " ind2=" "><subfield code="a">Fallon, Richard H., Jr., </subfield><subfield code="d"> 1952-</subfield><subfield code="9">no_linkage</subfield></datafield><datafield tag="245" ind1=" " ind2=" "><subfield code="a">Hart and Wechsler's the federal courts and the federal system /</subfield></datafield></record>