<record><leader>00427cam a2200097 a 4500</leader><controlfield tag="001">99173874133408651</controlfield><controlfield tag="005">20250917154938.0</controlfield><controlfield tag="008">250614s2022####xx######r#####000#0#eng#d</controlfield><datafield tag="035" ind1=" " ind2=" "><subfield code="a">(CtY)17387413-yaledb-Voyager</subfield></datafield><datafield tag="100" ind1=" " ind2=" "><subfield code="a">Warren, George, </subfield><subfield code="d"> 1914-</subfield><subfield code="9">no_linkage</subfield></datafield><datafield tag="245" ind1=" " ind2=" "><subfield code="a">The Federal Administrative Procedure Act and the administrative agencies; proceedings of an institute conducted by the New York University School of Law on February 1-8, 1947</subfield></datafield></record>