<record><leader>00373cam a2200097 a 4500</leader><controlfield tag="001">99173874143408651</controlfield><controlfield tag="005">20250917154906.0</controlfield><controlfield tag="008">250614s2022####xx######r#####000#0#eng#d</controlfield><datafield tag="035" ind1=" " ind2=" "><subfield code="a">(CtY)17387414-yaledb-Voyager</subfield></datafield><datafield tag="100" ind1=" " ind2=" "><subfield code="a">Sun, Ying, </subfield><subfield code="d"> 1983-</subfield><subfield code="9">no_linkage</subfield></datafield><datafield tag="245" ind1=" " ind2=" "><subfield code="a">Zhongguo ren da yi shi gui ze yuan li yu zhi du = Rules of procedure of Chinese People's Congress theories and institutions /</subfield></datafield></record>