<record><leader>00317cam a2200097 a 4500</leader><controlfield tag="001">99173874913408651</controlfield><controlfield tag="005">20250917154933.0</controlfield><controlfield tag="008">250614s2022####xx######r#####000#0#eng#d</controlfield><datafield tag="035" ind1=" " ind2=" "><subfield code="a">(CtY)17387491-yaledb-Voyager</subfield></datafield><datafield tag="100" ind1=" " ind2=" "><subfield code="a">Mansur, Muhammad Mustafa, </subfield><subfield code="d"> 1953-</subfield><subfield code="9">no_linkage</subfield></datafield><datafield tag="245" ind1=" " ind2=" "><subfield code="a">al-Tawrah al-Hijaziyah : tarikh al-Jazirah al-maknuz /</subfield></datafield></record>