<record><leader>00324cam a2200097 a 4500</leader><controlfield tag="001">99173875153408651</controlfield><controlfield tag="005">20250917154913.0</controlfield><controlfield tag="008">250614s2022####xx######r#####000#0#eng#d</controlfield><datafield tag="035" ind1=" " ind2=" "><subfield code="a">(CtY)17387515-yaledb-Voyager</subfield></datafield><datafield tag="100" ind1=" " ind2=" "><subfield code="a">Halperin, Terri Diane, </subfield><subfield code="d"> 1966-</subfield><subfield code="9">no_linkage</subfield></datafield><datafield tag="245" ind1=" " ind2=" "><subfield code="a">The Alien and Sedition Acts of 1798 : testing the Constitution /</subfield></datafield></record>