<record><leader>00300cam a2200097 a 4500</leader><controlfield tag="001">99173875533408651</controlfield><controlfield tag="005">20250917154931.0</controlfield><controlfield tag="008">250614s2022####xx######r#####000#0#eng#d</controlfield><datafield tag="035" ind1=" " ind2=" "><subfield code="a">(CtY)17387553-yaledb-Voyager</subfield></datafield><datafield tag="100" ind1=" " ind2=" "><subfield code="a">Dkon-mchog-bstan-dzin, </subfield><subfield code="d"> 1949-</subfield><subfield code="9">no_linkage</subfield></datafield><datafield tag="245" ind1=" " ind2=" "><subfield code="a">Bod lugs mchod rten = [Zang shi fo ta] /</subfield></datafield></record>