<record><leader>00289cam a2200097 a 4500</leader><controlfield tag="001">99173875583408651</controlfield><controlfield tag="005">20250917154923.0</controlfield><controlfield tag="008">250614s2022####xx######r#####000#0#eng#d</controlfield><datafield tag="035" ind1=" " ind2=" "><subfield code="a">(CtY)17387558-yaledb-Voyager</subfield></datafield><datafield tag="100" ind1=" " ind2=" "><subfield code="a">Clemens, Raymond, </subfield><subfield code="d"> 1966-</subfield><subfield code="9">no_linkage</subfield></datafield><datafield tag="245" ind1=" " ind2=" "><subfield code="a">Introduction to manuscript studies</subfield></datafield></record>