<record><leader>00324cam a2200097 a 4500</leader><controlfield tag="001">99173875603408651</controlfield><controlfield tag="005">20250917154919.0</controlfield><controlfield tag="008">250614s2022####xx######r#####000#0#eng#d</controlfield><datafield tag="035" ind1=" " ind2=" "><subfield code="a">(CtY)17387560-yaledb-Voyager</subfield></datafield><datafield tag="100" ind1=" " ind2=" "><subfield code="a">Bork, Robert Odell, </subfield><subfield code="d"> 1967-</subfield><subfield code="9">no_linkage</subfield></datafield><datafield tag="245" ind1=" " ind2=" "><subfield code="a">Late Gothic architecture : its evolution, extinction, and reception</subfield></datafield></record>