<record><leader>00322cam a2200097 a 4500</leader><controlfield tag="001">99173875663408651</controlfield><controlfield tag="005">20250917154920.0</controlfield><controlfield tag="008">250614s2022####xx######r#####000#0#eng#d</controlfield><datafield tag="035" ind1=" " ind2=" "><subfield code="a">(CtY)17387566-yaledb-Voyager</subfield></datafield><datafield tag="100" ind1=" " ind2=" "><subfield code="a">Sanabria, Emilia, </subfield><subfield code="d"> 1979-</subfield><subfield code="9">no_linkage</subfield></datafield><datafield tag="245" ind1=" " ind2=" "><subfield code="a">Plastic bodies : sex hormones and menstrual suppression in Brazil /</subfield></datafield></record>