<record><leader>00342cam a2200097 a 4500</leader><controlfield tag="001">99173901403408651</controlfield><controlfield tag="005">20250917154929.0</controlfield><controlfield tag="008">250615s2022####xx######r#####000#0#eng#d</controlfield><datafield tag="035" ind1=" " ind2=" "><subfield code="a">(CtY)17390140-yaledb-Voyager</subfield></datafield><datafield tag="100" ind1=" " ind2=" "><subfield code="a">Shailor, Barbara A., </subfield><subfield code="d"> 1948-</subfield><subfield code="9">no_linkage</subfield></datafield><datafield tag="245" ind1=" " ind2=" "><subfield code="a">The medieval book : illustrated from the Beinecke Rare Book and Manuscript Library /</subfield></datafield></record>