<record><leader>00315cam a2200097 a 4500</leader><controlfield tag="001">99173902013408651</controlfield><controlfield tag="005">20250917154922.0</controlfield><controlfield tag="008">250615s2022####xx######r#####000#0#eng#d</controlfield><datafield tag="035" ind1=" " ind2=" "><subfield code="a">(CtY)17390201-yaledb-Voyager</subfield></datafield><datafield tag="100" ind1=" " ind2=" "><subfield code="a">Kennedy, Randall, </subfield><subfield code="d"> 1954-</subfield><subfield code="9">no_linkage</subfield></datafield><datafield tag="245" ind1=" " ind2=" "><subfield code="a">For discrimination : race, affirmative action, and the law /</subfield></datafield></record>