<record><leader>00291cam a2200097 a 4500</leader><controlfield tag="001">99173902033408651</controlfield><controlfield tag="005">20250917154927.0</controlfield><controlfield tag="008">250615s2022####xx######r#####000#0#eng#d</controlfield><datafield tag="035" ind1=" " ind2=" "><subfield code="a">(CtY)17390203-yaledb-Voyager</subfield></datafield><datafield tag="100" ind1=" " ind2=" "><subfield code="a">Reynolds, Osborne M., Jr., </subfield><subfield code="d"> 1940-2020.</subfield><subfield code="9">no_linkage</subfield></datafield><datafield tag="245" ind1=" " ind2=" "><subfield code="a">Local government law /</subfield></datafield></record>