<record><leader>00288cam a2200097 a 4500</leader><controlfield tag="001">99173902393408651</controlfield><controlfield tag="005">20250917154926.0</controlfield><controlfield tag="008">250615s2022####xx######r#####000#0#eng#d</controlfield><datafield tag="035" ind1=" " ind2=" "><subfield code="a">(CtY)17390239-yaledb-Voyager</subfield></datafield><datafield tag="100" ind1=" " ind2=" "><subfield code="a">Eliot, T. S. (Thomas Stearns), </subfield><subfield code="d"> 1888-1965.</subfield><subfield code="9">no_linkage</subfield></datafield><datafield tag="245" ind1=" " ind2=" "><subfield code="a">Selected essays</subfield></datafield></record>