<record><leader>00331cam a2200097 a 4500</leader><controlfield tag="001">99173902443408651</controlfield><controlfield tag="005">20250917154920.0</controlfield><controlfield tag="008">250615s2022####xx######r#####000#0#eng#d</controlfield><datafield tag="035" ind1=" " ind2=" "><subfield code="a">(CtY)17390244-yaledb-Voyager</subfield></datafield><datafield tag="100" ind1=" " ind2=" "><subfield code="a">Padron, Ricardo, </subfield><subfield code="d"> 1967-</subfield><subfield code="9">no_linkage</subfield></datafield><datafield tag="245" ind1=" " ind2=" "><subfield code="a">The spacious word : cartography, literature, and empire in early modern Spain</subfield></datafield></record>