<record><leader>00316cam a2200097 a 4500</leader><controlfield tag="001">99173902453408651</controlfield><controlfield tag="005">20250917154929.0</controlfield><controlfield tag="008">250615s2022####xx######r#####000#0#eng#d</controlfield><datafield tag="035" ind1=" " ind2=" "><subfield code="a">(CtY)17390245-yaledb-Voyager</subfield></datafield><datafield tag="100" ind1=" " ind2=" "><subfield code="a">Greene, Julie, </subfield><subfield code="d"> 1956-</subfield><subfield code="9">no_linkage</subfield></datafield><datafield tag="245" ind1=" " ind2=" "><subfield code="a">The canal builders : making America's empire at the Panama Canal</subfield></datafield></record>