<record><leader>01337cam a2200349 a 4500</leader><controlfield tag="001">9916967423408651</controlfield><controlfield tag="005">20250710073139.0</controlfield><controlfield tag="008">760701s1945    mouacf   b    001 0 eng  </controlfield><datafield tag="010" ind1=" " ind2=" "><subfield code="a">   45010779  </subfield></datafield><datafield tag="035" ind1=" " ind2=" "><subfield code="a">(OCoLC)2292581</subfield></datafield><datafield tag="035" ind1=" " ind2=" "><subfield code="9">DBZ0657YL</subfield></datafield><datafield tag="035" ind1=" " ind2=" "><subfield code="a">1696742</subfield></datafield><datafield tag="035" ind1=" " ind2=" "><subfield code="a">(CtY)1696742-yaledb-Voyager</subfield></datafield><datafield tag="040" ind1=" " ind2=" "><subfield code="a">DLC</subfield><subfield code="c">DLM</subfield><subfield code="d">OCL</subfield><subfield code="d">TAI</subfield><subfield code="d">YUS</subfield></datafield><datafield tag="043" ind1=" " ind2=" "><subfield code="a">n-us-tx</subfield></datafield><datafield tag="049" ind1=" " ind2=" "><subfield code="a">YUTI</subfield></datafield><datafield tag="050" ind1="0" ind2=" "><subfield code="a">BX1415.T4</subfield><subfield code="b">B3</subfield></datafield><datafield tag="079" ind1=" " ind2=" "><subfield code="a">2292581</subfield></datafield><datafield tag="099" ind1=" " ind2=" "><subfield code="a">MD62.6</subfield><subfield code="a">B34L</subfield></datafield><datafield tag="100" ind1="1" ind2=" "><subfield code="a">Bayard, Ralph Francis, 1898-</subfield></datafield><datafield tag="245" ind1="1" ind2="0"><subfield code="a">Lone-star vanguard :</subfield><subfield code="b">the Catholic re-occupation of Texas (1838-1848) with four illustrations and end-paper map /</subfield><subfield code="c">by Ralph Bayard, C.M.</subfield></datafield><datafield tag="260" ind1=" " ind2=" "><subfield code="a">Saint Louis, Mo. :</subfield><subfield code="b">The Vincentian Press,</subfield><subfield code="c">1945.</subfield></datafield><datafield tag="300" ind1=" " ind2=" "><subfield code="a">xiii, 453 p., [2] leaves of plates :</subfield><subfield code="b">ill., ports. ;</subfield><subfield code="c">24 cm.</subfield></datafield><datafield tag="500" ind1=" " ind2=" "><subfield code="a">Map on lining-papers.</subfield></datafield><datafield tag="504" ind1=" " ind2=" "><subfield code="a">Includes bibliographical references (p. 413-432) and index.</subfield></datafield><datafield tag="583" ind1="1" ind2=" "><subfield code="a">committed to retain</subfield><subfield code="c">20170930</subfield><subfield code="d">20421231</subfield><subfield code="f">HathiTrust</subfield><subfield code="5">CtY</subfield><subfield code="z">To help ensure preservation of print and digital collections, this title is retained by Yale University Library on behalf of the HathiTrust Shared Print Program.</subfield></datafield><datafield tag="610" ind1="2" ind2="0"><subfield code="a">Catholic Church</subfield><subfield code="z">Texas.</subfield></datafield><datafield tag="610" ind1="2" ind2="0"><subfield code="a">Vincentians</subfield><subfield code="z">Texas.</subfield></datafield><datafield tag="600" ind1="1" ind2="0"><subfield code="a">Timon, John,</subfield><subfield code="d">1797-1867.</subfield><subfield code="0">http://id.loc.gov/authorities/names/nr95014595</subfield><subfield code="1">http://viaf.org/viaf/54038028</subfield></datafield><datafield tag="927" ind1=" " ind2=" "><subfield code="a">9805R </subfield></datafield><datafield tag="928" ind1=" " ind2=" "><subfield code="a">AC042999</subfield></datafield><datafield tag="948" ind1=" " ind2=" "><subfield code="a">RECON</subfield></datafield></record>