<record><leader>00313cam a2200097 a 4500</leader><controlfield tag="001">99169621853408651</controlfield><controlfield tag="005">20250917153007.0</controlfield><controlfield tag="008">250615s2022####xx######r#####000#0#eng#d</controlfield><datafield tag="035" ind1=" " ind2=" "><subfield code="a">(CtY)16962185-yaledb-Voyager</subfield></datafield><datafield tag="100" ind1=" " ind2=" "><subfield code="a">Djebar, Assia, </subfield><subfield code="d"> 1936-2015.</subfield><subfield code="9">no_linkage</subfield></datafield><datafield tag="245" ind1=" " ind2=" "><subfield code="a">Ces voix qui m'assiegent : --en marge de ma francophonie</subfield></datafield></record>