<record><leader>00307cam a2200097 a 4500</leader><controlfield tag="001">99169624303408651</controlfield><controlfield tag="005">20250917153112.0</controlfield><controlfield tag="008">250615s2022####xx######r#####000#0#eng#d</controlfield><datafield tag="035" ind1=" " ind2=" "><subfield code="a">(CtY)16962430-yaledb-Voyager</subfield></datafield><datafield tag="100" ind1=" " ind2=" "><subfield code="a">Molasky, Michael S., </subfield><subfield code="d"> 1956-</subfield><subfield code="9">no_linkage</subfield></datafield><datafield tag="245" ind1=" " ind2=" "><subfield code="a">Sengo Nihon no jazu bunka : eiga, bungaku, angura</subfield></datafield></record>