<record><leader>00280cam a2200097 a 4500</leader><controlfield tag="001">99169624353408651</controlfield><controlfield tag="005">20250917153115.0</controlfield><controlfield tag="008">250615s2022####xx######r#####000#0#eng#d</controlfield><datafield tag="035" ind1=" " ind2=" "><subfield code="a">(CtY)16962435-yaledb-Voyager</subfield></datafield><datafield tag="100" ind1=" " ind2=" "><subfield code="a">Kahneman, Daniel, </subfield><subfield code="d"> 1934-</subfield><subfield code="9">no_linkage</subfield></datafield><datafield tag="245" ind1=" " ind2=" "><subfield code="a">Thinking, fast and slow /</subfield></datafield></record>