<record><leader>00286cam a2200097 a 4500</leader><controlfield tag="001">99169624383408651</controlfield><controlfield tag="005">20250917153051.0</controlfield><controlfield tag="008">250615s2022####xx######r#####000#0#eng#d</controlfield><datafield tag="035" ind1=" " ind2=" "><subfield code="a">(CtY)16962438-yaledb-Voyager</subfield></datafield><datafield tag="100" ind1=" " ind2=" "><subfield code="a">Lopez, Alfonso, </subfield><subfield code="d"> 1950-</subfield><subfield code="9">no_linkage</subfield></datafield><datafield tag="245" ind1=" " ind2=" "><subfield code="a">Cambio climatico y sostenibilidad</subfield></datafield></record>