<record><leader>00320cam a2200097 a 4500</leader><controlfield tag="001">99169624393408651</controlfield><controlfield tag="005">20250917153134.0</controlfield><controlfield tag="008">250615s2022####xx######r#####000#0#eng#d</controlfield><datafield tag="035" ind1=" " ind2=" "><subfield code="a">(CtY)16962439-yaledb-Voyager</subfield></datafield><datafield tag="100" ind1=" " ind2=" "><subfield code="a">Horikawa, Takashi, </subfield><subfield code="d"> 1962-</subfield><subfield code="9">no_linkage</subfield></datafield><datafield tag="245" ind1=" " ind2=" "><subfield code="a">Shi no katachi, shi no kokoro : chusei Nihon kanbungaku kenkyu /</subfield></datafield></record>