<record><leader>00309cam a2200097 a 4500</leader><controlfield tag="001">99169624403408651</controlfield><controlfield tag="005">20250917153006.0</controlfield><controlfield tag="008">250615s2022####xx######r#####000#0#eng#d</controlfield><datafield tag="035" ind1=" " ind2=" "><subfield code="a">(CtY)16962440-yaledb-Voyager</subfield></datafield><datafield tag="100" ind1=" " ind2=" "><subfield code="a">Eisenstein, Sergei, </subfield><subfield code="d"> 1898-1948.</subfield><subfield code="9">no_linkage</subfield></datafield><datafield tag="245" ind1=" " ind2=" "><subfield code="a">Dramaturgiia kinoformy : stati po teorii kino /</subfield></datafield></record>