<record><leader>00306cam a2200097 a 4500</leader><controlfield tag="001">99169624433408651</controlfield><controlfield tag="005">20250917153049.0</controlfield><controlfield tag="008">250615s2022####xx######r#####000#0#eng#d</controlfield><datafield tag="035" ind1=" " ind2=" "><subfield code="a">(CtY)16962443-yaledb-Voyager</subfield></datafield><datafield tag="100" ind1=" " ind2=" "><subfield code="a">Brown, Vincent, </subfield><subfield code="d"> 1967-</subfield><subfield code="9">no_linkage</subfield></datafield><datafield tag="245" ind1=" " ind2=" "><subfield code="a">Tacky's revolt : the story of an Atlantic slave war /</subfield></datafield></record>