<record><leader>00277cam a2200097 a 4500</leader><controlfield tag="001">99169624543408651</controlfield><controlfield tag="005">20250917153041.0</controlfield><controlfield tag="008">250615s2022####xx######r#####000#0#eng#d</controlfield><datafield tag="035" ind1=" " ind2=" "><subfield code="a">(CtY)16962454-yaledb-Voyager</subfield></datafield><datafield tag="100" ind1=" " ind2=" "><subfield code="a">Dowty, Alan, </subfield><subfield code="d"> 1940-</subfield><subfield code="9">no_linkage</subfield></datafield><datafield tag="245" ind1=" " ind2=" "><subfield code="a">The Israel/Palestine reader</subfield></datafield></record>