<record><leader>00344cam a2200097 a 4500</leader><controlfield tag="001">99169624813408651</controlfield><controlfield tag="005">20250917153009.0</controlfield><controlfield tag="008">250615s2022####xx######r#####000#0#eng#d</controlfield><datafield tag="035" ind1=" " ind2=" "><subfield code="a">(CtY)16962481-yaledb-Voyager</subfield></datafield><datafield tag="100" ind1=" " ind2=" "><subfield code="a">Filreis, Alan, </subfield><subfield code="d"> 1956-</subfield><subfield code="9">no_linkage</subfield></datafield><datafield tag="245" ind1=" " ind2=" "><subfield code="a">1960 : when art and literature confronted the memory of World War II and remade the modern /</subfield></datafield></record>