<record><leader>00321cam a2200097 a 4500</leader><controlfield tag="001">99169624913408651</controlfield><controlfield tag="005">20250917153014.0</controlfield><controlfield tag="008">250615s2022####xx######r#####000#0#eng#d</controlfield><datafield tag="035" ind1=" " ind2=" "><subfield code="a">(CtY)16962491-yaledb-Voyager</subfield></datafield><datafield tag="100" ind1=" " ind2=" "><subfield code="a">Moss, Kenneth B., </subfield><subfield code="d"> 1974-</subfield><subfield code="9">no_linkage</subfield></datafield><datafield tag="245" ind1=" " ind2=" "><subfield code="a">An unchosen people : Jewish political reckoning in interwar Poland</subfield></datafield></record>