<record><leader>00275cam a2200097 a 4500</leader><controlfield tag="001">99169624973408651</controlfield><controlfield tag="005">20250917153058.0</controlfield><controlfield tag="008">250615s2022####xx######r#####000#0#eng#d</controlfield><datafield tag="035" ind1=" " ind2=" "><subfield code="a">(CtY)16962497-yaledb-Voyager</subfield></datafield><datafield tag="100" ind1=" " ind2=" "><subfield code="a">Hamalainen, Pekka, </subfield><subfield code="d"> 1967-</subfield><subfield code="9">no_linkage</subfield></datafield><datafield tag="245" ind1=" " ind2=" "><subfield code="a">The Comanche empire</subfield></datafield></record>