<record><leader>00288cam a2200097 a 4500</leader><controlfield tag="001">99169625113408651</controlfield><controlfield tag="005">20250917153042.0</controlfield><controlfield tag="008">250615s2022####xx######r#####000#0#eng#d</controlfield><datafield tag="035" ind1=" " ind2=" "><subfield code="a">(CtY)16962511-yaledb-Voyager</subfield></datafield><datafield tag="100" ind1=" " ind2=" "><subfield code="a">Paul, L. A. (Laurie Ann), </subfield><subfield code="d"> 1966-</subfield><subfield code="9">no_linkage</subfield></datafield><datafield tag="245" ind1=" " ind2=" "><subfield code="a">Transformative experience</subfield></datafield></record>