<record><leader>00275cam a2200097 a 4500</leader><controlfield tag="001">99169625203408651</controlfield><controlfield tag="005">20250917153104.0</controlfield><controlfield tag="008">250615s2022####xx######r#####000#0#eng#d</controlfield><datafield tag="035" ind1=" " ind2=" "><subfield code="a">(CtY)16962520-yaledb-Voyager</subfield></datafield><datafield tag="100" ind1=" " ind2=" "><subfield code="a">Levy, Tatiana Salem, </subfield><subfield code="d"> 1979-</subfield><subfield code="9">no_linkage</subfield></datafield><datafield tag="245" ind1=" " ind2=" "><subfield code="a">A chave de casa /</subfield></datafield></record>