<record><leader>00296cam a2200097 a 4500</leader><controlfield tag="001">99169625223408651</controlfield><controlfield tag="005">20250917153123.0</controlfield><controlfield tag="008">250615s2022####xx######r#####000#0#eng#d</controlfield><datafield tag="035" ind1=" " ind2=" "><subfield code="a">(CtY)16962522-yaledb-Voyager</subfield></datafield><datafield tag="100" ind1=" " ind2=" "><subfield code="a">Esendal, Memduh Sevket, </subfield><subfield code="d"> 1883-1952.</subfield><subfield code="9">no_linkage</subfield></datafield><datafield tag="245" ind1=" " ind2=" "><subfield code="a">Mendil altnda : hikayeler II /</subfield></datafield></record>