<record><leader>00374cam a2200097 a 4500</leader><controlfield tag="001">99169625233408651</controlfield><controlfield tag="005">20250917153043.0</controlfield><controlfield tag="008">250615s2022####xx######r#####000#0#eng#d</controlfield><datafield tag="035" ind1=" " ind2=" "><subfield code="a">(CtY)16962523-yaledb-Voyager</subfield></datafield><datafield tag="100" ind1=" " ind2=" "><subfield code="a">Baumgarten, Alexander Gottlieb, </subfield><subfield code="d"> 1714-1762.</subfield><subfield code="9">no_linkage</subfield></datafield><datafield tag="245" ind1=" " ind2=" "><subfield code="a">Metaphysics : a critical translation with Kant's elucidations, selected notes, and related materials</subfield></datafield></record>