<record><leader>00354cam a2200097 a 4500</leader><controlfield tag="001">99169625253408651</controlfield><controlfield tag="005">20250917153113.0</controlfield><controlfield tag="008">250615s2022####xx######r#####000#0#eng#d</controlfield><datafield tag="035" ind1=" " ind2=" "><subfield code="a">(CtY)16962525-yaledb-Voyager</subfield></datafield><datafield tag="100" ind1=" " ind2=" "><subfield code="a">Kauanui, J. Kehaulani, </subfield><subfield code="d"> 1968-</subfield><subfield code="9">no_linkage</subfield></datafield><datafield tag="245" ind1=" " ind2=" "><subfield code="a">Speaking of indigenous politics : conversations with activists, scholars, and tribal leaders /</subfield></datafield></record>