<record><leader>00325cam a2200097 a 4500</leader><controlfield tag="001">99169672213408651</controlfield><controlfield tag="005">20250917153016.0</controlfield><controlfield tag="008">250614s2022####xx######r#####000#0#eng#d</controlfield><datafield tag="035" ind1=" " ind2=" "><subfield code="a">(CtY)16967221-yaledb-Voyager</subfield></datafield><datafield tag="100" ind1=" " ind2=" "><subfield code="a">Symonds, John Addington, </subfield><subfield code="d"> 1840-1893.</subfield><subfield code="9">no_linkage</subfield></datafield><datafield tag="245" ind1=" " ind2=" "><subfield code="a">Male love : a problem in Greek ethics and other writings /</subfield></datafield></record>