<record><leader>00311cam a2200097 a 4500</leader><controlfield tag="001">99169675133408651</controlfield><controlfield tag="005">20250917153121.0</controlfield><controlfield tag="008">250614s2022####xx######r#####000#0#eng#d</controlfield><datafield tag="035" ind1=" " ind2=" "><subfield code="a">(CtY)16967513-yaledb-Voyager</subfield></datafield><datafield tag="100" ind1=" " ind2=" "><subfield code="a">Carr, Nicholas G., </subfield><subfield code="d"> 1959-</subfield><subfield code="9">no_linkage</subfield></datafield><datafield tag="245" ind1=" " ind2=" "><subfield code="a">The shallows : what the Internet is doing to our brains</subfield></datafield></record>