<record><leader>00291cam a2200097 a 4500</leader><controlfield tag="001">99169675143408651</controlfield><controlfield tag="005">20250917153034.0</controlfield><controlfield tag="008">250614s2022####xx######r#####000#0#eng#d</controlfield><datafield tag="035" ind1=" " ind2=" "><subfield code="a">(CtY)16967514-yaledb-Voyager</subfield></datafield><datafield tag="100" ind1=" " ind2=" "><subfield code="a">Fitzmaurice, Garrett M., </subfield><subfield code="d"> 1962-</subfield><subfield code="9">no_linkage</subfield></datafield><datafield tag="245" ind1=" " ind2=" "><subfield code="a">Applied longitudinal analysis</subfield></datafield></record>