<record><leader>00347cam a2200097 a 4500</leader><controlfield tag="001">99169675403408651</controlfield><controlfield tag="005">20250917153040.0</controlfield><controlfield tag="008">250614s2022####xx######r#####000#0#eng#d</controlfield><datafield tag="035" ind1=" " ind2=" "><subfield code="a">(CtY)16967540-yaledb-Voyager</subfield></datafield><datafield tag="100" ind1=" " ind2=" "><subfield code="a">Kennedy, David M., </subfield><subfield code="d"> 1958-</subfield><subfield code="9">no_linkage</subfield></datafield><datafield tag="245" ind1=" " ind2=" "><subfield code="a">Don't shoot : one man, a street fellowship, and the end of violence in inner-city America /</subfield></datafield></record>