<record><leader>00314cam a2200097 a 4500</leader><controlfield tag="001">99169676183408651</controlfield><controlfield tag="005">20250917153035.0</controlfield><controlfield tag="008">250614s2022####xx######r#####000#0#eng#d</controlfield><datafield tag="035" ind1=" " ind2=" "><subfield code="a">(CtY)16967618-yaledb-Voyager</subfield></datafield><datafield tag="100" ind1=" " ind2=" "><subfield code="a">Mugambi, Kyama M., </subfield><subfield code="d"> 1973-</subfield><subfield code="9">no_linkage</subfield></datafield><datafield tag="245" ind1=" " ind2=" "><subfield code="a">A spirit of revitalization : urban Pentecostalism in Kenya</subfield></datafield></record>