<record><leader>00307cam a2200097 a 4500</leader><controlfield tag="001">99169676303408651</controlfield><controlfield tag="005">20250917153109.0</controlfield><controlfield tag="008">250614s2022####xx######r#####000#0#eng#d</controlfield><datafield tag="035" ind1=" " ind2=" "><subfield code="a">(CtY)16967630-yaledb-Voyager</subfield></datafield><datafield tag="100" ind1=" " ind2=" "><subfield code="a">Abu-Manneh, Bashir, </subfield><subfield code="d"> 1972-</subfield><subfield code="9">no_linkage</subfield></datafield><datafield tag="245" ind1=" " ind2=" "><subfield code="a">The Palestinian novel : from 1948 to the present /</subfield></datafield></record>