<record><leader>00340cam a2200097 a 4500</leader><controlfield tag="001">99169676313408651</controlfield><controlfield tag="005">20250917153054.0</controlfield><controlfield tag="008">250614s2022####xx######r#####000#0#eng#d</controlfield><datafield tag="035" ind1=" " ind2=" "><subfield code="a">(CtY)16967631-yaledb-Voyager</subfield></datafield><datafield tag="100" ind1=" " ind2=" "><subfield code="a">Davies, J. G. (John Gordon), </subfield><subfield code="d"> 1919-1990.</subfield><subfield code="9">no_linkage</subfield></datafield><datafield tag="245" ind1=" " ind2=" "><subfield code="a">Liturgical dance : an historical, theological, and practical handbook</subfield></datafield></record>