<record><leader>00327cam a2200097 a 4500</leader><controlfield tag="001">99169742283408651</controlfield><controlfield tag="005">20250917153036.0</controlfield><controlfield tag="008">250614s2022####xx######r#####000#0#eng#d</controlfield><datafield tag="035" ind1=" " ind2=" "><subfield code="a">(CtY)16974228-yaledb-Voyager</subfield></datafield><datafield tag="100" ind1=" " ind2=" "><subfield code="a">Dillon, Brian, </subfield><subfield code="d"> 1969-</subfield><subfield code="9">no_linkage</subfield></datafield><datafield tag="245" ind1=" " ind2=" "><subfield code="a">Ruin lust : artists' fascination with ruins, from Turner to the present day</subfield></datafield></record>