<record><leader>00335cam a2200097 a 4500</leader><controlfield tag="001">99169742293408651</controlfield><controlfield tag="005">20250917153054.0</controlfield><controlfield tag="008">250614s2022####xx######r#####000#0#eng#d</controlfield><datafield tag="035" ind1=" " ind2=" "><subfield code="a">(CtY)16974229-yaledb-Voyager</subfield></datafield><datafield tag="100" ind1=" " ind2=" "><subfield code="a">Wang, Di, </subfield><subfield code="d"> 1956-</subfield><subfield code="9">no_linkage</subfield></datafield><datafield tag="245" ind1=" " ind2=" "><subfield code="a">Street culture in Chengdu : public space, urban commoners, and local politics, 1870-1930</subfield></datafield></record>