<record><leader>00316cam a2200097 a 4500</leader><controlfield tag="001">99169742383408651</controlfield><controlfield tag="005">20250917153055.0</controlfield><controlfield tag="008">250614s2022####xx######r#####000#0#eng#d</controlfield><datafield tag="035" ind1=" " ind2=" "><subfield code="a">(CtY)16974238-yaledb-Voyager</subfield></datafield><datafield tag="100" ind1=" " ind2=" "><subfield code="a">Meyskens, Covell F., </subfield><subfield code="d"> 1978-</subfield><subfield code="9">no_linkage</subfield></datafield><datafield tag="245" ind1=" " ind2=" "><subfield code="a">Mao's third front : the militarization of Cold War China /</subfield></datafield></record>