<record><leader>00296cam a2200097 a 4500</leader><controlfield tag="001">99169753013408651</controlfield><controlfield tag="005">20250917152958.0</controlfield><controlfield tag="008">250614s2022####xx######r#####000#0#eng#d</controlfield><datafield tag="035" ind1=" " ind2=" "><subfield code="a">(CtY)16975301-yaledb-Voyager</subfield></datafield><datafield tag="100" ind1=" " ind2=" "><subfield code="a">Ginsberg, Allen, </subfield><subfield code="d"> 1926-1997.</subfield><subfield code="9">no_linkage</subfield></datafield><datafield tag="245" ind1=" " ind2=" "><subfield code="a">Kaddish and other poems : 1958-1960 /</subfield></datafield></record>