<record><leader>00281cam a2200097 a 4500</leader><controlfield tag="001">99169753023408651</controlfield><controlfield tag="005">20250917153103.0</controlfield><controlfield tag="008">250614s2022####xx######r#####000#0#eng#d</controlfield><datafield tag="035" ind1=" " ind2=" "><subfield code="a">(CtY)16975302-yaledb-Voyager</subfield></datafield><datafield tag="100" ind1=" " ind2=" "><subfield code="a">Wright, Richard, </subfield><subfield code="d"> 1908-1960.</subfield><subfield code="9">no_linkage</subfield></datafield><datafield tag="245" ind1=" " ind2=" "><subfield code="a">Uncle Tom's children /</subfield></datafield></record>