<record><leader>00317cam a2200097 a 4500</leader><controlfield tag="001">99169753063408651</controlfield><controlfield tag="005">20250917153053.0</controlfield><controlfield tag="008">250614s2022####xx######r#####000#0#eng#d</controlfield><datafield tag="035" ind1=" " ind2=" "><subfield code="a">(CtY)16975306-yaledb-Voyager</subfield></datafield><datafield tag="100" ind1=" " ind2=" "><subfield code="a">El Shakry, Omnia S., </subfield><subfield code="d"> 1970-</subfield><subfield code="9">no_linkage</subfield></datafield><datafield tag="245" ind1=" " ind2=" "><subfield code="a">The Arabic Freud : psychoanalysis and Islam in modern Egypt</subfield></datafield></record>