<record><leader>00319cam a2200097 a 4500</leader><controlfield tag="001">99169753173408651</controlfield><controlfield tag="005">20250917153127.0</controlfield><controlfield tag="008">250614s2022####xx######r#####000#0#eng#d</controlfield><datafield tag="035" ind1=" " ind2=" "><subfield code="a">(CtY)16975317-yaledb-Voyager</subfield></datafield><datafield tag="100" ind1=" " ind2=" "><subfield code="a">Bell, Matt, </subfield><subfield code="d"> 1980-</subfield><subfield code="9">no_linkage</subfield></datafield><datafield tag="245" ind1=" " ind2=" "><subfield code="a">Refuse to be done : how to write and rewrite a novel in three drafts /</subfield></datafield></record>