<record><leader>00270cam a2200097 a 4500</leader><controlfield tag="001">99169753263408651</controlfield><controlfield tag="005">20250917153115.0</controlfield><controlfield tag="008">250614s2022####xx######r#####000#0#eng#d</controlfield><datafield tag="035" ind1=" " ind2=" "><subfield code="a">(CtY)16975326-yaledb-Voyager</subfield></datafield><datafield tag="100" ind1=" " ind2=" "><subfield code="a">La Fontaine, Jean de, </subfield><subfield code="d"> 1621-1695.</subfield><subfield code="9">no_linkage</subfield></datafield><datafield tag="245" ind1=" " ind2=" "><subfield code="a">Fables</subfield></datafield></record>