<record><leader>00326cam a2200097 a 4500</leader><controlfield tag="001">99169753273408651</controlfield><controlfield tag="005">20250917152953.0</controlfield><controlfield tag="008">250614s2022####xx######r#####000#0#eng#d</controlfield><datafield tag="035" ind1=" " ind2=" "><subfield code="a">(CtY)16975327-yaledb-Voyager</subfield></datafield><datafield tag="100" ind1=" " ind2=" "><subfield code="a">Ida, Takanori, </subfield><subfield code="d"> 1965-</subfield><subfield code="9">no_linkage</subfield></datafield><datafield tag="245" ind1=" " ind2=" "><subfield code="a">"Kokoro" no keizaigaku : kodo keizaigaku kara yomitoku ningen no fushigi /</subfield></datafield></record>