<record><leader>00257cam a2200097 a 4500</leader><controlfield tag="001">99169753333408651</controlfield><controlfield tag="005">20250917153024.0</controlfield><controlfield tag="008">250614s2022####xx######r#####000#0#eng#d</controlfield><datafield tag="035" ind1=" " ind2=" "><subfield code="a">(CtY)16975333-yaledb-Voyager</subfield></datafield><datafield tag="100" ind1=" " ind2=" "><subfield code="a">Knig, Gaspard, </subfield><subfield code="d"> 1982-</subfield><subfield code="9">no_linkage</subfield></datafield><datafield tag="245" ind1=" " ind2=" "><subfield code="a">Humus</subfield></datafield></record>