<record><leader>00314cam a2200097 a 4500</leader><controlfield tag="001">99169753363408651</controlfield><controlfield tag="005">20250917153021.0</controlfield><controlfield tag="008">250614s2022####xx######r#####000#0#eng#d</controlfield><datafield tag="035" ind1=" " ind2=" "><subfield code="a">(CtY)16975336-yaledb-Voyager</subfield></datafield><datafield tag="100" ind1=" " ind2=" "><subfield code="a">Sonnenfeld, Jeffrey A., </subfield><subfield code="d"> 1954-</subfield><subfield code="9">no_linkage</subfield></datafield><datafield tag="245" ind1=" " ind2=" "><subfield code="a">The hero's farewell : what happens when CEOs retire /</subfield></datafield></record>