<record><leader>00331cam a2200097 a 4500</leader><controlfield tag="001">99169753383408651</controlfield><controlfield tag="005">20250917153131.0</controlfield><controlfield tag="008">250614s2022####xx######r#####000#0#eng#d</controlfield><datafield tag="035" ind1=" " ind2=" "><subfield code="a">(CtY)16975338-yaledb-Voyager</subfield></datafield><datafield tag="100" ind1=" " ind2=" "><subfield code="a">Swan, Laura, </subfield><subfield code="d"> 1954-</subfield><subfield code="9">no_linkage</subfield></datafield><datafield tag="245" ind1=" " ind2=" "><subfield code="a">The wisdom of the Beguines : the forgotten story of a medieval women's movement /</subfield></datafield></record>