<record><leader>00320cam a2200097 a 4500</leader><controlfield tag="001">99169753403408651</controlfield><controlfield tag="005">20250917153010.0</controlfield><controlfield tag="008">250614s2022####xx######r#####000#0#eng#d</controlfield><datafield tag="035" ind1=" " ind2=" "><subfield code="a">(CtY)16975340-yaledb-Voyager</subfield></datafield><datafield tag="100" ind1=" " ind2=" "><subfield code="a">Sharma, Robin S. (Robin Shilp), </subfield><subfield code="d"> 1964-</subfield><subfield code="9">no_linkage</subfield></datafield><datafield tag="245" ind1=" " ind2=" "><subfield code="a">The 5 AM club : own your morning, elevate your life</subfield></datafield></record>