<record><leader>00270cam a2200097 a 4500</leader><controlfield tag="001">99169753573408651</controlfield><controlfield tag="005">20250917153129.0</controlfield><controlfield tag="008">250614s2022####xx######r#####000#0#eng#d</controlfield><datafield tag="035" ind1=" " ind2=" "><subfield code="a">(CtY)16975357-yaledb-Voyager</subfield></datafield><datafield tag="100" ind1=" " ind2=" "><subfield code="a">Flusser, Vilem, </subfield><subfield code="d"> 1920-1991.</subfield><subfield code="9">no_linkage</subfield></datafield><datafield tag="245" ind1=" " ind2=" "><subfield code="a">Post-history</subfield></datafield></record>