<record><leader>00285cam a2200097 a 4500</leader><controlfield tag="001">99169753703408651</controlfield><controlfield tag="005">20250917153000.0</controlfield><controlfield tag="008">250614s2022####xx######r#####000#0#eng#d</controlfield><datafield tag="035" ind1=" " ind2=" "><subfield code="a">(CtY)16975370-yaledb-Voyager</subfield></datafield><datafield tag="100" ind1=" " ind2=" "><subfield code="a">Balzac, Honore de, </subfield><subfield code="d"> 1799-1850.</subfield><subfield code="9">no_linkage</subfield></datafield><datafield tag="245" ind1=" " ind2=" "><subfield code="a">Le chef-d'oeuvre inconnu</subfield></datafield></record>