<record><leader>00357cam a2200097 a 4500</leader><controlfield tag="001">99169753713408651</controlfield><controlfield tag="005">20250917153111.0</controlfield><controlfield tag="008">250614s2022####xx######r#####000#0#eng#d</controlfield><datafield tag="035" ind1=" " ind2=" "><subfield code="a">(CtY)16975371-yaledb-Voyager</subfield></datafield><datafield tag="100" ind1=" " ind2=" "><subfield code="a">Lichtenberg, Georg Christoph, </subfield><subfield code="d"> 1742-1799.</subfield><subfield code="9">no_linkage</subfield></datafield><datafield tag="245" ind1=" " ind2=" "><subfield code="a">Georg Christoph Lichtenberg : philosophical writings, selected from the Waste books /</subfield></datafield></record>