<record><leader>00321cam a2200097 a 4500</leader><controlfield tag="001">99169753763408651</controlfield><controlfield tag="005">20250917153046.0</controlfield><controlfield tag="008">250614s2022####xx######r#####000#0#eng#d</controlfield><datafield tag="035" ind1=" " ind2=" "><subfield code="a">(CtY)16975376-yaledb-Voyager</subfield></datafield><datafield tag="100" ind1=" " ind2=" "><subfield code="a">Kawakami, Mieko, </subfield><subfield code="d"> 1976-</subfield><subfield code="9">no_linkage</subfield></datafield><datafield tag="245" ind1=" " ind2=" "><subfield code="a">Ms Ice Sandwich / Mieko Kawakami ; translated by Louise Heal Kawai.</subfield></datafield></record>