<record><leader>00386cam a2200097 a 4500</leader><controlfield tag="001">99169753913408651</controlfield><controlfield tag="005">20250917153050.0</controlfield><controlfield tag="008">250614s2022####xx######r#####000#0#eng#d</controlfield><datafield tag="035" ind1=" " ind2=" "><subfield code="a">(CtY)16975391-yaledb-Voyager</subfield></datafield><datafield tag="100" ind1=" " ind2=" "><subfield code="a">O, Han-myong, </subfield><subfield code="d"> 1592-1648.</subfield><subfield code="9">no_linkage</subfield></datafield><datafield tag="245" ind1=" " ind2=" "><subfield code="a">Kangdo ilgi : suun p'an'gwan ui saengsaenghan kirok, Pyongja Horan tangsi Kimp'o T'ongjin naru ui ch'och'amhan sanghwang chungon /</subfield></datafield></record>