<record><leader>00362cam a2200097 a 4500</leader><controlfield tag="001">99169753943408651</controlfield><controlfield tag="005">20250917153106.0</controlfield><controlfield tag="008">250614s2022####xx######r#####000#0#eng#d</controlfield><datafield tag="035" ind1=" " ind2=" "><subfield code="a">(CtY)16975394-yaledb-Voyager</subfield></datafield><datafield tag="100" ind1=" " ind2=" "><subfield code="a">Kim, Sang-hon, </subfield><subfield code="d"> 1570-1652.</subfield><subfield code="9">no_linkage</subfield></datafield><datafield tag="245" ind1=" " ind2=" "><subfield code="a">Namhan kiryak : otchi haeya nara rul chik'irya, Namhan Sansonga! " taep'yojok in ch'okhwaronja ui kirok /</subfield></datafield></record>