<record><leader>00332cam a2200097 a 4500</leader><controlfield tag="001">99169753963408651</controlfield><controlfield tag="005">20250917153056.0</controlfield><controlfield tag="008">250614s2022####xx######r#####000#0#eng#d</controlfield><datafield tag="035" ind1=" " ind2=" "><subfield code="a">(CtY)16975396-yaledb-Voyager</subfield></datafield><datafield tag="100" ind1=" " ind2=" "><subfield code="a">Gunel, Gokce, </subfield><subfield code="d"> 1983-</subfield><subfield code="9">no_linkage</subfield></datafield><datafield tag="245" ind1=" " ind2=" "><subfield code="a">Spaceship in the desert : energy, climate change, and urban design in Abu Dhabi /</subfield></datafield></record>