<record><leader>00327cam a2200097 a 4500</leader><controlfield tag="001">99169753973408651</controlfield><controlfield tag="005">20250917153022.0</controlfield><controlfield tag="008">250614s2022####xx######r#####000#0#eng#d</controlfield><datafield tag="035" ind1=" " ind2=" "><subfield code="a">(CtY)16975397-yaledb-Voyager</subfield></datafield><datafield tag="100" ind1=" " ind2=" "><subfield code="a">Hobson, Emily K., </subfield><subfield code="d"> 1975-</subfield><subfield code="9">no_linkage</subfield></datafield><datafield tag="245" ind1=" " ind2=" "><subfield code="a">Lavender and red : liberation and solidarity in the gay and lesbian left</subfield></datafield></record>