<record><leader>00318cam a2200097 a 4500</leader><controlfield tag="001">99169754353408651</controlfield><controlfield tag="005">20250917153047.0</controlfield><controlfield tag="008">250614s2022####xx######r#####000#0#eng#d</controlfield><datafield tag="035" ind1=" " ind2=" "><subfield code="a">(CtY)16975435-yaledb-Voyager</subfield></datafield><datafield tag="100" ind1=" " ind2=" "><subfield code="a">Tolkien, J. R. R (John Ronald Reuel), </subfield><subfield code="d"> 1892-1973.</subfield><subfield code="9">no_linkage</subfield></datafield><datafield tag="245" ind1=" " ind2=" "><subfield code="a">The hobbit, or, There and back again /</subfield></datafield></record>