<record><leader>00306cam a2200097 a 4500</leader><controlfield tag="001">99169756553408651</controlfield><controlfield tag="005">20250917152956.0</controlfield><controlfield tag="008">250614s2022####xx######r#####000#0#eng#d</controlfield><datafield tag="035" ind1=" " ind2=" "><subfield code="a">(CtY)16975655-yaledb-Voyager</subfield></datafield><datafield tag="100" ind1=" " ind2=" "><subfield code="a">Rocha, Paulo Mendes da, </subfield><subfield code="d"> 1928-2021.</subfield><subfield code="9">no_linkage</subfield></datafield><datafield tag="245" ind1=" " ind2=" "><subfield code="a">Designed future, or, Selected writings /</subfield></datafield></record>