<record><leader>00304cam a2200097 a 4500</leader><controlfield tag="001">99169756703408651</controlfield><controlfield tag="005">20250917153030.0</controlfield><controlfield tag="008">250614s2022####xx######r#####000#0#eng#d</controlfield><datafield tag="035" ind1=" " ind2=" "><subfield code="a">(CtY)16975670-yaledb-Voyager</subfield></datafield><datafield tag="100" ind1=" " ind2=" "><subfield code="a">Barberie, Peter, </subfield><subfield code="d"> 1970-</subfield><subfield code="9">no_linkage</subfield></datafield><datafield tag="245" ind1=" " ind2=" "><subfield code="a">Richard Benson : the world is smarter than you are</subfield></datafield></record>