<record><leader>00318cam a2200097 a 4500</leader><controlfield tag="001">99169756713408651</controlfield><controlfield tag="005">20250917153103.0</controlfield><controlfield tag="008">250614s2022####xx######r#####000#0#eng#d</controlfield><datafield tag="035" ind1=" " ind2=" "><subfield code="a">(CtY)16975671-yaledb-Voyager</subfield></datafield><datafield tag="100" ind1=" " ind2=" "><subfield code="a">Reed, Arden, </subfield><subfield code="d"> 1947-</subfield><subfield code="9">no_linkage</subfield></datafield><datafield tag="245" ind1=" " ind2=" "><subfield code="a">Slow art : the experience of looking, sacred images to James Turrell</subfield></datafield></record>