<record><leader>00328cam a2200097 a 4500</leader><controlfield tag="001">99169757193408651</controlfield><controlfield tag="005">20250917153108.0</controlfield><controlfield tag="008">250614s2022####xx######r#####000#0#eng#d</controlfield><datafield tag="035" ind1=" " ind2=" "><subfield code="a">(CtY)16975719-yaledb-Voyager</subfield></datafield><datafield tag="100" ind1=" " ind2=" "><subfield code="a">Israel, Jonathan I. (Jonathan Irvine), </subfield><subfield code="d"> 1946-</subfield><subfield code="9">no_linkage</subfield></datafield><datafield tag="245" ind1=" " ind2=" "><subfield code="a">The Dutch Republic and the Hispanic world, 1606-1661</subfield></datafield></record>