<record><leader>00344cam a2200097 a 4500</leader><controlfield tag="001">99169757993408651</controlfield><controlfield tag="005">20250917153039.0</controlfield><controlfield tag="008">250614s2022####xx######r#####000#0#eng#d</controlfield><datafield tag="035" ind1=" " ind2=" "><subfield code="a">(CtY)16975799-yaledb-Voyager</subfield></datafield><datafield tag="100" ind1=" " ind2=" "><subfield code="a">Simmons, Virginia McConnell, </subfield><subfield code="d"> 1928-</subfield><subfield code="9">no_linkage</subfield></datafield><datafield tag="245" ind1=" " ind2=" "><subfield code="a">The San Luis Valley : land of the six-armed cross / Virginia McConnell Simmons</subfield></datafield></record>