<record><leader>00311cam a2200097 a 4500</leader><controlfield tag="001">99169758293408651</controlfield><controlfield tag="005">20250917153133.0</controlfield><controlfield tag="008">250614s2022####xx######r#####000#0#eng#d</controlfield><datafield tag="035" ind1=" " ind2=" "><subfield code="a">(CtY)16975829-yaledb-Voyager</subfield></datafield><datafield tag="100" ind1=" " ind2=" "><subfield code="a">Miller, Craig A., </subfield><subfield code="d"> 1965-</subfield><subfield code="9">no_linkage</subfield></datafield><datafield tag="245" ind1=" " ind2=" "><subfield code="a">A time for all things : the life of Michael E. DeBakey /</subfield></datafield></record>