<record><leader>00313cam a2200097 a 4500</leader><controlfield tag="001">99169759023408651</controlfield><controlfield tag="005">20250917153107.0</controlfield><controlfield tag="008">250614s2022####xx######r#####000#0#eng#d</controlfield><datafield tag="035" ind1=" " ind2=" "><subfield code="a">(CtY)16975902-yaledb-Voyager</subfield></datafield><datafield tag="100" ind1=" " ind2=" "><subfield code="a">Perez Gomez, Alberto, </subfield><subfield code="d"> 1949-</subfield><subfield code="9">no_linkage</subfield></datafield><datafield tag="245" ind1=" " ind2=" "><subfield code="a">Architectural representation and the perspective hinge</subfield></datafield></record>