<record><leader>00312cam a2200097 a 4500</leader><controlfield tag="001">99169763363408651</controlfield><controlfield tag="005">20250917153345.0</controlfield><controlfield tag="008">250614s2022####xx######r#####000#0#eng#d</controlfield><datafield tag="035" ind1=" " ind2=" "><subfield code="a">(CtY)16976336-yaledb-Voyager</subfield></datafield><datafield tag="100" ind1=" " ind2=" "><subfield code="a">Prakash, Gyan, </subfield><subfield code="d"> 1952-</subfield><subfield code="9">no_linkage</subfield></datafield><datafield tag="245" ind1=" " ind2=" "><subfield code="a">Another reason : science and the imagination of modern India</subfield></datafield></record>