<record><leader>00292cam a2200097 a 4500</leader><controlfield tag="001">99169763383408651</controlfield><controlfield tag="005">20250917153332.0</controlfield><controlfield tag="008">250614s2022####xx######r#####000#0#eng#d</controlfield><datafield tag="035" ind1=" " ind2=" "><subfield code="a">(CtY)16976338-yaledb-Voyager</subfield></datafield><datafield tag="100" ind1=" " ind2=" "><subfield code="a">Dickinson, Emily, </subfield><subfield code="d"> 1830-1886.</subfield><subfield code="9">no_linkage</subfield></datafield><datafield tag="245" ind1=" " ind2=" "><subfield code="a">The letters of Emily Dickinson /</subfield></datafield></record>