<record><leader>00335cam a2200097 a 4500</leader><controlfield tag="001">99169763393408651</controlfield><controlfield tag="005">20250917153308.0</controlfield><controlfield tag="008">250614s2022####xx######r#####000#0#eng#d</controlfield><datafield tag="035" ind1=" " ind2=" "><subfield code="a">(CtY)16976339-yaledb-Voyager</subfield></datafield><datafield tag="100" ind1=" " ind2=" "><subfield code="a">Hume, David, </subfield><subfield code="d"> 1711-1776.</subfield><subfield code="9">no_linkage</subfield></datafield><datafield tag="245" ind1=" " ind2=" "><subfield code="a">Enquiries concerning human understanding and concerning the principles of morals</subfield></datafield></record>