<record><leader>00773cam a2200277   4500</leader><controlfield tag="001">9917526683408651</controlfield><controlfield tag="005">20250506163019.0</controlfield><controlfield tag="008">790727s1947    gw       b    000 0 ger c</controlfield><datafield tag="010" ind1=" " ind2=" "><subfield code="a">a  49008373 //r70 </subfield></datafield><datafield tag="035" ind1=" " ind2=" "><subfield code="a">(OCoLC)05215045</subfield></datafield><datafield tag="035" ind1=" " ind2=" "><subfield code="9">DCF4320YL</subfield></datafield><datafield tag="035" ind1=" " ind2=" "><subfield code="a">1752668</subfield></datafield><datafield tag="035" ind1=" " ind2=" "><subfield code="a">(CtY)1752668-yaledb-Voyager</subfield></datafield><datafield tag="040" ind1=" " ind2=" "><subfield code="a">HUL</subfield><subfield code="c">IDK</subfield><subfield code="d">IDK</subfield><subfield code="d">YUS</subfield></datafield><datafield tag="049" ind1=" " ind2=" "><subfield code="a">YUTI</subfield></datafield><datafield tag="050" ind1="0" ind2=" "><subfield code="a">BD411</subfield><subfield code="b">.K63</subfield></datafield><datafield tag="079" ind1=" " ind2=" "><subfield code="a">ocm05215045</subfield></datafield><datafield tag="099" ind1=" " ind2=" "><subfield code="a">RQ45</subfield><subfield code="a">K837s</subfield></datafield><datafield tag="100" ind1="1" ind2=" "><subfield code="a">Konrad, Joachim, 1903-</subfield><subfield code="9">no_linkage</subfield></datafield><datafield tag="245" ind1="1" ind2="0"><subfield code="a">Schicksal und Gott;</subfield><subfield code="b">Untersuchungen zur Philosophie und Theologie der Schicksalserfahrung.</subfield></datafield><datafield tag="260" ind1=" " ind2=" "><subfield code="a">Gtersloh,</subfield><subfield code="b">C. Bertelsmann</subfield><subfield code="c">[1947]</subfield></datafield><datafield tag="300" ind1=" " ind2=" "><subfield code="a">366 p.</subfield><subfield code="c">23 cm.</subfield></datafield><datafield tag="504" ind1=" " ind2=" "><subfield code="a">Includes bibliographical references.</subfield></datafield><datafield tag="650" ind1=" " ind2="0"><subfield code="a">Fate and fatalism.</subfield><subfield code="0">http://id.loc.gov/authorities/subjects/sh85047439</subfield></datafield><datafield tag="927" ind1=" " ind2=" "><subfield code="a">9808R </subfield></datafield><datafield tag="928" ind1=" " ind2=" "><subfield code="a">AC042999</subfield></datafield><datafield tag="948" ind1=" " ind2=" "><subfield code="a">RECON</subfield></datafield></record>