<record><leader>00318cam a2200097 a 4500</leader><controlfield tag="001">99175150273408651</controlfield><controlfield tag="005">20250917154004.0</controlfield><controlfield tag="008">250615s2022####xx######r#####000#0#eng#d</controlfield><datafield tag="035" ind1=" " ind2=" "><subfield code="a">(CtY)17515027-yaledb-Voyager</subfield></datafield><datafield tag="100" ind1=" " ind2=" "><subfield code="a">Schneider, Tammi J. (Tammi Joy), </subfield><subfield code="d"> 1962-</subfield><subfield code="9">no_linkage</subfield></datafield><datafield tag="245" ind1=" " ind2=" "><subfield code="a">An introduction to ancient Mesopotamian religion</subfield></datafield></record>