<record><leader>00317cam a2200097 a 4500</leader><controlfield tag="001">99175187283408651</controlfield><controlfield tag="005">20250917154008.0</controlfield><controlfield tag="008">250614s2022####xx######r#####000#0#eng#d</controlfield><datafield tag="035" ind1=" " ind2=" "><subfield code="a">(CtY)17518728-yaledb-Voyager</subfield></datafield><datafield tag="100" ind1=" " ind2=" "><subfield code="a">Esping-Andersen, Gsta, </subfield><subfield code="d"> 1947-</subfield><subfield code="9">no_linkage</subfield></datafield><datafield tag="245" ind1=" " ind2=" "><subfield code="a">The incomplete revolution : adapting to women's new roles</subfield></datafield></record>