<record><leader>00307cam a2200097 a 4500</leader><controlfield tag="001">99175187293408651</controlfield><controlfield tag="005">20250917154044.0</controlfield><controlfield tag="008">250614s2022####xx######r#####000#0#eng#d</controlfield><datafield tag="035" ind1=" " ind2=" "><subfield code="a">(CtY)17518729-yaledb-Voyager</subfield></datafield><datafield tag="100" ind1=" " ind2=" "><subfield code="a">Mayer, Harold M. (Harold Melvin), </subfield><subfield code="d"> 1916-1994.</subfield><subfield code="9">no_linkage</subfield></datafield><datafield tag="245" ind1=" " ind2=" "><subfield code="a">Chicago: growth of a metropolis</subfield></datafield></record>