<record><leader>00328cam a2200097 a 4500</leader><controlfield tag="001">99175190113408651</controlfield><controlfield tag="005">20250917154019.0</controlfield><controlfield tag="008">250614s2022####xx######r#####000#0#eng#d</controlfield><datafield tag="035" ind1=" " ind2=" "><subfield code="a">(CtY)17519011-yaledb-Voyager</subfield></datafield><datafield tag="100" ind1=" " ind2=" "><subfield code="a">Stauffer, Devin, </subfield><subfield code="d"> 1970-</subfield><subfield code="9">no_linkage</subfield></datafield><datafield tag="245" ind1=" " ind2=" "><subfield code="a">The unity of Plato's Gorgias : rhetoric, justice, and the philosophic life</subfield></datafield></record>