<record><leader>00327cam a2200097 a 4500</leader><controlfield tag="001">99175200843408651</controlfield><controlfield tag="005">20250917154037.0</controlfield><controlfield tag="008">250614s2022####xx######r#####000#0#eng#d</controlfield><datafield tag="035" ind1=" " ind2=" "><subfield code="a">(CtY)17520084-yaledb-Voyager</subfield></datafield><datafield tag="100" ind1=" " ind2=" "><subfield code="a">Yang, Jisheng, </subfield><subfield code="d"> 1940-</subfield><subfield code="9">no_linkage</subfield></datafield><datafield tag="245" ind1=" " ind2=" "><subfield code="a">The world turned upside down : a history of the Chinese Cultural Revolution</subfield></datafield></record>