<record><leader>00321cam a2200097 a 4500</leader><controlfield tag="001">99175200963408651</controlfield><controlfield tag="005">20250917154028.0</controlfield><controlfield tag="008">250614s2022####xx######r#####000#0#eng#d</controlfield><datafield tag="035" ind1=" " ind2=" "><subfield code="a">(CtY)17520096-yaledb-Voyager</subfield></datafield><datafield tag="100" ind1=" " ind2=" "><subfield code="a">Wenger, Etienne, </subfield><subfield code="d"> 1952-</subfield><subfield code="9">no_linkage</subfield></datafield><datafield tag="245" ind1=" " ind2=" "><subfield code="a">Cultivating communities of practice : a guide to managing knowledge</subfield></datafield></record>