<record><leader>00292cam a2200097 a 4500</leader><controlfield tag="001">99175201023408651</controlfield><controlfield tag="005">20250917154119.0</controlfield><controlfield tag="008">250614s2022####xx######r#####000#0#eng#d</controlfield><datafield tag="035" ind1=" " ind2=" "><subfield code="a">(CtY)17520102-yaledb-Voyager</subfield></datafield><datafield tag="100" ind1=" " ind2=" "><subfield code="a">Engelke, Matthew, </subfield><subfield code="d"> 1972-</subfield><subfield code="9">no_linkage</subfield></datafield><datafield tag="245" ind1=" " ind2=" "><subfield code="a">How to think like an anthropologist /</subfield></datafield></record>