<record><leader>00274cam a2200097 a 4500</leader><controlfield tag="001">99175201113408651</controlfield><controlfield tag="005">20250917154207.0</controlfield><controlfield tag="008">250614s2022####xx######r#####000#0#eng#d</controlfield><datafield tag="035" ind1=" " ind2=" "><subfield code="a">(CtY)17520111-yaledb-Voyager</subfield></datafield><datafield tag="100" ind1=" " ind2=" "><subfield code="a">Smith, Keith A., </subfield><subfield code="d"> 1938-</subfield><subfield code="9">no_linkage</subfield></datafield><datafield tag="245" ind1=" " ind2=" "><subfield code="a">Non-adhesive binding</subfield></datafield></record>