<record><leader>00306cam a2200097 a 4500</leader><controlfield tag="001">99175201293408651</controlfield><controlfield tag="005">20250917154101.0</controlfield><controlfield tag="008">250614s2022####xx######r#####000#0#eng#d</controlfield><datafield tag="035" ind1=" " ind2=" "><subfield code="a">(CtY)17520129-yaledb-Voyager</subfield></datafield><datafield tag="100" ind1=" " ind2=" "><subfield code="a">Murch, Walter, </subfield><subfield code="d"> 1943-</subfield><subfield code="9">no_linkage</subfield></datafield><datafield tag="245" ind1=" " ind2=" "><subfield code="a">In the blink of an eye : a perspective on film editing</subfield></datafield></record>