<record><leader>00345cam a2200097 a 4500</leader><controlfield tag="001">99175201323408651</controlfield><controlfield tag="005">20250917154210.0</controlfield><controlfield tag="008">250614s2022####xx######r#####000#0#eng#d</controlfield><datafield tag="035" ind1=" " ind2=" "><subfield code="a">(CtY)17520132-yaledb-Voyager</subfield></datafield><datafield tag="100" ind1=" " ind2=" "><subfield code="a">Paris, Matthew, </subfield><subfield code="d"> 1200-1259.</subfield><subfield code="9">no_linkage</subfield></datafield><datafield tag="245" ind1=" " ind2=" "><subfield code="a">The illustrated chronicles of Matthew Paris : observations of thirteenth-century life /</subfield></datafield></record>