<record><leader>00322cam a2200097 a 4500</leader><controlfield tag="001">99175201403408651</controlfield><controlfield tag="005">20250917154151.0</controlfield><controlfield tag="008">250614s2022####xx######r#####000#0#eng#d</controlfield><datafield tag="035" ind1=" " ind2=" "><subfield code="a">(CtY)17520140-yaledb-Voyager</subfield></datafield><datafield tag="100" ind1=" " ind2=" "><subfield code="a">Capdevila, Arturo, </subfield><subfield code="d"> 1889-1967.</subfield><subfield code="9">no_linkage</subfield></datafield><datafield tag="245" ind1=" " ind2=" "><subfield code="a">Alfonsina, epoca, dolor y obra de la poetisa Alfonsina Storni</subfield></datafield></record>