<record><leader>00300cam a2200097 a 4500</leader><controlfield tag="001">99175201633408651</controlfield><controlfield tag="005">20250917154200.0</controlfield><controlfield tag="008">250614s2022####xx######r#####000#0#eng#d</controlfield><datafield tag="035" ind1=" " ind2=" "><subfield code="a">(CtY)17520163-yaledb-Voyager</subfield></datafield><datafield tag="100" ind1=" " ind2=" "><subfield code="a">Anatsui, El, </subfield><subfield code="d"> 1944-</subfield><subfield code="9">no_linkage</subfield></datafield><datafield tag="245" ind1=" " ind2=" "><subfield code="a">El Anatsui : when I last wrote to you about Africa</subfield></datafield></record>