<record><leader>00392cam a2200097 a 4500</leader><controlfield tag="001">99175201663408651</controlfield><controlfield tag="005">20250710050752.0</controlfield><controlfield tag="008">250614s2022####xx######r#####000#0#eng#d</controlfield><datafield tag="035" ind1=" " ind2=" "><subfield code="a">(CtY)17520166-yaledb-Voyager</subfield></datafield><datafield tag="100" ind1=" " ind2=" "><subfield code="a">Ramelli, Agostino, 1531-approximately 1600</subfield><subfield code="9">no_linkage</subfield></datafield><datafield tag="245" ind1=" " ind2=" "><subfield code="a">The various and ingenious machines of Agostino Ramelli : a classic sixteenth-century illustrated treatise on technology /</subfield></datafield></record>