<record><leader>00289cam a2200097 a 4500</leader><controlfield tag="001">99175201783408651</controlfield><controlfield tag="005">20250917154053.0</controlfield><controlfield tag="008">250614s2022####xx######r#####000#0#eng#d</controlfield><datafield tag="035" ind1=" " ind2=" "><subfield code="a">(CtY)17520178-yaledb-Voyager</subfield></datafield><datafield tag="100" ind1=" " ind2=" "><subfield code="a">Binstock, Jonathan P., </subfield><subfield code="d"> 1966-</subfield><subfield code="9">no_linkage</subfield></datafield><datafield tag="245" ind1=" " ind2=" "><subfield code="a">Sam Gilliam : a retrospective</subfield></datafield></record>