<record><leader>00309cam a2200097 a 4500</leader><controlfield tag="001">99175201903408651</controlfield><controlfield tag="005">20250917154113.0</controlfield><controlfield tag="008">250614s2022####xx######r#####000#0#eng#d</controlfield><datafield tag="035" ind1=" " ind2=" "><subfield code="a">(CtY)17520190-yaledb-Voyager</subfield></datafield><datafield tag="100" ind1=" " ind2=" "><subfield code="a">Metcalf, Alida C., </subfield><subfield code="d"> 1954-</subfield><subfield code="9">no_linkage</subfield></datafield><datafield tag="245" ind1=" " ind2=" "><subfield code="a">Go-betweens and the colonization of Brazil, 1500-1600</subfield></datafield></record>