<record><leader>00298cam a2200097 a 4500</leader><controlfield tag="001">99175201923408651</controlfield><controlfield tag="005">20250917154121.0</controlfield><controlfield tag="008">250614s2022####xx######r#####000#0#eng#d</controlfield><datafield tag="035" ind1=" " ind2=" "><subfield code="a">(CtY)17520192-yaledb-Voyager</subfield></datafield><datafield tag="100" ind1=" " ind2=" "><subfield code="a">McHugh, Paul R. (Paul Rodney), </subfield><subfield code="d"> 1931-</subfield><subfield code="9">no_linkage</subfield></datafield><datafield tag="245" ind1=" " ind2=" "><subfield code="a">The perspectives of psychiatry</subfield></datafield></record>