<record><leader>00330cam a2200097 a 4500</leader><controlfield tag="001">99175202273408651</controlfield><controlfield tag="005">20250917154203.0</controlfield><controlfield tag="008">250614s2022####xx######r#####000#0#eng#d</controlfield><datafield tag="035" ind1=" " ind2=" "><subfield code="a">(CtY)17520227-yaledb-Voyager</subfield></datafield><datafield tag="100" ind1=" " ind2=" "><subfield code="a">Lewis, Su Lin, </subfield><subfield code="d"> 1979-</subfield><subfield code="9">no_linkage</subfield></datafield><datafield tag="245" ind1=" " ind2=" "><subfield code="a">Cities in motion : urban life and cosmopolitanism in Southeast Asia, 1920-1940</subfield></datafield></record>