<record><leader>00336cam a2200097 a 4500</leader><controlfield tag="001">99175203063408651</controlfield><controlfield tag="005">20250917154157.0</controlfield><controlfield tag="008">250614s2022####xx######r#####000#0#eng#d</controlfield><datafield tag="035" ind1=" " ind2=" "><subfield code="a">(CtY)17520306-yaledb-Voyager</subfield></datafield><datafield tag="100" ind1=" " ind2=" "><subfield code="a">Hochschild, Arlie Russell, </subfield><subfield code="d"> 1940-</subfield><subfield code="9">no_linkage</subfield></datafield><datafield tag="245" ind1=" " ind2=" "><subfield code="a">Strangers in their own land : anger and mourning on the American right /</subfield></datafield></record>