<record><leader>00351cam a2200097 a 4500</leader><controlfield tag="001">99175203083408651</controlfield><controlfield tag="005">20250917154039.0</controlfield><controlfield tag="008">250614s2022####xx######r#####000#0#eng#d</controlfield><datafield tag="035" ind1=" " ind2=" "><subfield code="a">(CtY)17520308-yaledb-Voyager</subfield></datafield><datafield tag="100" ind1=" " ind2=" "><subfield code="a">Warner, John Harley, </subfield><subfield code="d"> 1953-</subfield><subfield code="9">no_linkage</subfield></datafield><datafield tag="245" ind1=" " ind2=" "><subfield code="a">The therapeutic perspective : medical practice, knowledge, and identity in America, 1820-1885</subfield></datafield></record>