<record><leader>00317cam a2200097 a 4500</leader><controlfield tag="001">99175245363408651</controlfield><controlfield tag="005">20250917154134.0</controlfield><controlfield tag="008">250614s2022####xx######r#####000#0#eng#d</controlfield><datafield tag="035" ind1=" " ind2=" "><subfield code="a">(CtY)17524536-yaledb-Voyager</subfield></datafield><datafield tag="100" ind1=" " ind2=" "><subfield code="a">Haksar, Nandita, </subfield><subfield code="d"> 1954-</subfield><subfield code="9">no_linkage</subfield></datafield><datafield tag="245" ind1=" " ind2=" "><subfield code="a">The judgement that never came : army rule in North East India /</subfield></datafield></record>