<record><leader>00313cam a2200097 a 4500</leader><controlfield tag="001">99175245473408651</controlfield><controlfield tag="005">20250917154132.0</controlfield><controlfield tag="008">250614s2022####xx######r#####000#0#eng#d</controlfield><datafield tag="035" ind1=" " ind2=" "><subfield code="a">(CtY)17524547-yaledb-Voyager</subfield></datafield><datafield tag="100" ind1=" " ind2=" "><subfield code="a">Simler, Kevin, </subfield><subfield code="d"> 1982-</subfield><subfield code="9">no_linkage</subfield></datafield><datafield tag="245" ind1=" " ind2=" "><subfield code="a">The elephant in the brain : hidden motives in everyday life /</subfield></datafield></record>