<record><leader>00316cam a2200097 a 4500</leader><controlfield tag="001">99175245523408651</controlfield><controlfield tag="005">20250917154047.0</controlfield><controlfield tag="008">250614s2022####xx######r#####000#0#eng#d</controlfield><datafield tag="035" ind1=" " ind2=" "><subfield code="a">(CtY)17524552-yaledb-Voyager</subfield></datafield><datafield tag="100" ind1=" " ind2=" "><subfield code="a">Gavin, Rae, </subfield><subfield code="d"> 1970-</subfield><subfield code="9">no_linkage</subfield></datafield><datafield tag="245" ind1=" " ind2=" "><subfield code="a">Privatising capital : the commodification of Poland's welfare state</subfield></datafield></record>