<record><leader>00276cam a2200097 a 4500</leader><controlfield tag="001">99175246933408651</controlfield><controlfield tag="005">20250917154159.0</controlfield><controlfield tag="008">250614s2022####xx######r#####000#0#eng#d</controlfield><datafield tag="035" ind1=" " ind2=" "><subfield code="a">(CtY)17524693-yaledb-Voyager</subfield></datafield><datafield tag="100" ind1=" " ind2=" "><subfield code="a">Kilito, Abdelfattah, </subfield><subfield code="d"> 1945-</subfield><subfield code="9">no_linkage</subfield></datafield><datafield tag="245" ind1=" " ind2=" "><subfield code="a">The tongue of Adam</subfield></datafield></record>