<record><leader>00278cam a2200097 a 4500</leader><controlfield tag="001">99175247513408651</controlfield><controlfield tag="005">20250710051128.0</controlfield><controlfield tag="008">250614s2022####xx######r#####000#0#eng#d</controlfield><datafield tag="035" ind1=" " ind2=" "><subfield code="a">(CtY)17524751-yaledb-Voyager</subfield></datafield><datafield tag="100" ind1=" " ind2=" "><subfield code="a">Dominici, Giovanni, 1356?-1420?</subfield><subfield code="9">no_linkage</subfield></datafield><datafield tag="245" ind1=" " ind2=" "><subfield code="a">Lettere spirituali</subfield></datafield></record>