<record><leader>00317cam a2200097 a 4500</leader><controlfield tag="001">99175247703408651</controlfield><controlfield tag="005">20250917154136.0</controlfield><controlfield tag="008">250614s2022####xx######r#####000#0#eng#d</controlfield><datafield tag="035" ind1=" " ind2=" "><subfield code="a">(CtY)17524770-yaledb-Voyager</subfield></datafield><datafield tag="100" ind1=" " ind2=" "><subfield code="a">Locke, Alain, </subfield><subfield code="d"> 1885-1954.</subfield><subfield code="9">no_linkage</subfield></datafield><datafield tag="245" ind1=" " ind2=" "><subfield code="a">The philosophy of Alain Locke : Harlem renaissance and beyond</subfield></datafield></record>