<record><leader>00305cam a2200097 a 4500</leader><controlfield tag="001">99175247723408651</controlfield><controlfield tag="005">20250917154149.0</controlfield><controlfield tag="008">250614s2022####xx######r#####000#0#eng#d</controlfield><datafield tag="035" ind1=" " ind2=" "><subfield code="a">(CtY)17524772-yaledb-Voyager</subfield></datafield><datafield tag="100" ind1=" " ind2=" "><subfield code="a">Kang, Sok-kyong, </subfield><subfield code="d"> 1951-</subfield><subfield code="9">no_linkage</subfield></datafield><datafield tag="245" ind1=" " ind2=" "><subfield code="a">Words of farewell : stories by Korean women writers</subfield></datafield></record>