<record><leader>00283cam a2200097 a 4500</leader><controlfield tag="001">99175247823408651</controlfield><controlfield tag="005">20250917154146.0</controlfield><controlfield tag="008">250614s2022####xx######r#####000#0#eng#d</controlfield><datafield tag="035" ind1=" " ind2=" "><subfield code="a">(CtY)17524782-yaledb-Voyager</subfield></datafield><datafield tag="100" ind1=" " ind2=" "><subfield code="a">Warren, Robert Penn, </subfield><subfield code="d"> 1905-1989.</subfield><subfield code="9">no_linkage</subfield></datafield><datafield tag="245" ind1=" " ind2=" "><subfield code="a">All the king's men /</subfield></datafield></record>