<record><leader>00308cam a2200097 a 4500</leader><controlfield tag="001">99175247833408651</controlfield><controlfield tag="005">20250917154150.0</controlfield><controlfield tag="008">250614s2022####xx######r#####000#0#eng#d</controlfield><datafield tag="035" ind1=" " ind2=" "><subfield code="a">(CtY)17524783-yaledb-Voyager</subfield></datafield><datafield tag="100" ind1=" " ind2=" "><subfield code="a">Watts, John (John Lovett), </subfield><subfield code="d"> 1964-</subfield><subfield code="9">no_linkage</subfield></datafield><datafield tag="245" ind1=" " ind2=" "><subfield code="a">The making of polities : Europe, 1300-1500 /</subfield></datafield></record>