<record><leader>00288cam a2200097 a 4500</leader><controlfield tag="001">99175276723408651</controlfield><controlfield tag="005">20250917154108.0</controlfield><controlfield tag="008">250613s2022####xx######r#####000#0#eng#d</controlfield><datafield tag="035" ind1=" " ind2=" "><subfield code="a">(CtY)17527672-yaledb-Voyager</subfield></datafield><datafield tag="100" ind1=" " ind2=" "><subfield code="a">Martinez, Marianne, </subfield><subfield code="d"> 1744-1812.</subfield><subfield code="9">no_linkage</subfield></datafield><datafield tag="245" ind1=" " ind2=" "><subfield code="a">Three sonatas for keyboard</subfield></datafield></record>