<record><leader>00280cam a2200097 a 4500</leader><controlfield tag="001">99175276833408651</controlfield><controlfield tag="005">20250917154050.0</controlfield><controlfield tag="008">250613s2022####xx######r#####000#0#eng#d</controlfield><datafield tag="035" ind1=" " ind2=" "><subfield code="a">(CtY)17527683-yaledb-Voyager</subfield></datafield><datafield tag="100" ind1=" " ind2=" "><subfield code="a">Cooper Jones, Chloe, </subfield><subfield code="d"> 1983-</subfield><subfield code="9">no_linkage</subfield></datafield><datafield tag="245" ind1=" " ind2=" "><subfield code="a">Easy beauty : a memoir</subfield></datafield></record>