<record><leader>00357cam a2200097 a 4500</leader><controlfield tag="001">99175276903408651</controlfield><controlfield tag="005">20250917154112.0</controlfield><controlfield tag="008">250613s2022####xx######r#####000#0#eng#d</controlfield><datafield tag="035" ind1=" " ind2=" "><subfield code="a">(CtY)17527690-yaledb-Voyager</subfield></datafield><datafield tag="100" ind1=" " ind2=" "><subfield code="a">Morgan, Stephen L. (Stephen Lawrence), </subfield><subfield code="d"> 1971-</subfield><subfield code="9">no_linkage</subfield></datafield><datafield tag="245" ind1=" " ind2=" "><subfield code="a">Counterfactuals and causal inference : methods and principles for social research</subfield></datafield></record>