<record><leader>00307cam a2200097 a 4500</leader><controlfield tag="001">99175278983408651</controlfield><controlfield tag="005">20250917154156.0</controlfield><controlfield tag="008">250613s2022####xx######r#####000#0#eng#d</controlfield><datafield tag="035" ind1=" " ind2=" "><subfield code="a">(CtY)17527898-yaledb-Voyager</subfield></datafield><datafield tag="100" ind1=" " ind2=" "><subfield code="a">Pawlowsky, Sigismund, </subfield><subfield code="d"> 1916-</subfield><subfield code="9">no_linkage</subfield></datafield><datafield tag="245" ind1=" " ind2=" "><subfield code="a">Die biblischen Grundlagen der Regula Benedicti /</subfield></datafield></record>