<record><leader>00332cam a2200097 a 4500</leader><controlfield tag="001">99175279003408651</controlfield><controlfield tag="005">20250917154117.0</controlfield><controlfield tag="008">250613s2022####xx######r#####000#0#eng#d</controlfield><datafield tag="035" ind1=" " ind2=" "><subfield code="a">(CtY)17527900-yaledb-Voyager</subfield></datafield><datafield tag="100" ind1=" " ind2=" "><subfield code="a">Richards, D. S. (Donald Sidney), </subfield><subfield code="d"> 1935-</subfield><subfield code="9">no_linkage</subfield></datafield><datafield tag="245" ind1=" " ind2=" "><subfield code="a">Mamluk administrative documents from St. Catherine's monastery</subfield></datafield></record>