<record><leader>00318cam a2200097 a 4500</leader><controlfield tag="001">99175279153408651</controlfield><controlfield tag="005">20250917154209.0</controlfield><controlfield tag="008">250613s2022####xx######r#####000#0#eng#d</controlfield><datafield tag="035" ind1=" " ind2=" "><subfield code="a">(CtY)17527915-yaledb-Voyager</subfield></datafield><datafield tag="100" ind1=" " ind2=" "><subfield code="a">Gewirtz, Julian, </subfield><subfield code="d"> 1989-</subfield><subfield code="9">no_linkage</subfield></datafield><datafield tag="245" ind1=" " ind2=" "><subfield code="a">Never turn back : China and the forbidden history of the 1980s /</subfield></datafield></record>