<record><leader>00311cam a2200097 a 4500</leader><controlfield tag="001">99175279283408651</controlfield><controlfield tag="005">20250917154042.0</controlfield><controlfield tag="008">250613s2022####xx######r#####000#0#eng#d</controlfield><datafield tag="035" ind1=" " ind2=" "><subfield code="a">(CtY)17527928-yaledb-Voyager</subfield></datafield><datafield tag="100" ind1=" " ind2=" "><subfield code="a">Harper, T. N. (Timothy Norman), </subfield><subfield code="d"> 1965-</subfield><subfield code="9">no_linkage</subfield></datafield><datafield tag="245" ind1=" " ind2=" "><subfield code="a">The end of empire and the making of Malaya</subfield></datafield></record>