<record><leader>00293cam a2200097 a 4500</leader><controlfield tag="001">99175280053408651</controlfield><controlfield tag="005">20250917154208.0</controlfield><controlfield tag="008">250614s2022####xx######r#####000#0#eng#d</controlfield><datafield tag="035" ind1=" " ind2=" "><subfield code="a">(CtY)17528005-yaledb-Voyager</subfield></datafield><datafield tag="100" ind1=" " ind2=" "><subfield code="a">Auden, W. H (Wystan Hugh), </subfield><subfield code="d"> 1907-1973.</subfield><subfield code="9">no_linkage</subfield></datafield><datafield tag="245" ind1=" " ind2=" "><subfield code="a">The shield of Achilles /</subfield></datafield></record>