<record><leader>00282cam a2200097 a 4500</leader><controlfield tag="001">99175280093408651</controlfield><controlfield tag="005">20250917154038.0</controlfield><controlfield tag="008">250614s2022####xx######r#####000#0#eng#d</controlfield><datafield tag="035" ind1=" " ind2=" "><subfield code="a">(CtY)17528009-yaledb-Voyager</subfield></datafield><datafield tag="100" ind1=" " ind2=" "><subfield code="a">Fanon, Frantz, </subfield><subfield code="d"> 1925-1961.</subfield><subfield code="9">no_linkage</subfield></datafield><datafield tag="245" ind1=" " ind2=" "><subfield code="a">The wretched of the earth</subfield></datafield></record>