<record><leader>00306cam a2200097 a 4500</leader><controlfield tag="001">99175280153408651</controlfield><controlfield tag="005">20250917154154.0</controlfield><controlfield tag="008">250614s2022####xx######r#####000#0#eng#d</controlfield><datafield tag="035" ind1=" " ind2=" "><subfield code="a">(CtY)17528015-yaledb-Voyager</subfield></datafield><datafield tag="100" ind1=" " ind2=" "><subfield code="a">Butler, Judith, </subfield><subfield code="d"> 1956-</subfield><subfield code="9">no_linkage</subfield></datafield><datafield tag="245" ind1=" " ind2=" "><subfield code="a">Precarious life : the powers of mourning and violence</subfield></datafield></record>