<record><leader>00288cam a2200097 a 4500</leader><controlfield tag="001">99175280173408651</controlfield><controlfield tag="005">20250917154205.0</controlfield><controlfield tag="008">250614s2022####xx######r#####000#0#eng#d</controlfield><datafield tag="035" ind1=" " ind2=" "><subfield code="a">(CtY)17528017-yaledb-Voyager</subfield></datafield><datafield tag="100" ind1=" " ind2=" "><subfield code="a">Schapiro, Meyer, </subfield><subfield code="d"> 1904-</subfield><subfield code="9">no_linkage</subfield></datafield><datafield tag="245" ind1=" " ind2=" "><subfield code="a">Romanesque architectural sculpture</subfield></datafield></record>