<record><leader>00329cam a2200097 a 4500</leader><controlfield tag="001">99175284043408651</controlfield><controlfield tag="005">20250917154124.0</controlfield><controlfield tag="008">250614s2022####xx######r#####000#0#eng#d</controlfield><datafield tag="035" ind1=" " ind2=" "><subfield code="a">(CtY)17528404-yaledb-Voyager</subfield></datafield><datafield tag="100" ind1=" " ind2=" "><subfield code="a">Foucault, Michel, </subfield><subfield code="d"> 1926-1984.</subfield><subfield code="9">no_linkage</subfield></datafield><datafield tag="245" ind1=" " ind2=" "><subfield code="a">The birth of biopolitics : lectures at the College de France, 1978-79</subfield></datafield></record>