<record><leader>00341cam a2200097 a 4500</leader><controlfield tag="001">99175285373408651</controlfield><controlfield tag="005">20250917154201.0</controlfield><controlfield tag="008">250614s2022####xx######r#####000#0#eng#d</controlfield><datafield tag="035" ind1=" " ind2=" "><subfield code="a">(CtY)17528537-yaledb-Voyager</subfield></datafield><datafield tag="100" ind1=" " ind2=" "><subfield code="a">Graham, Elyse, </subfield><subfield code="d"> 1985-</subfield><subfield code="9">no_linkage</subfield></datafield><datafield tag="245" ind1=" " ind2=" "><subfield code="a">Book and dagger : how scholars and librarians became the unlikely spies of World War II /</subfield></datafield></record>